=LDR  03441ngm a2200445 i 4500
=001  006205801
=005  20180611150051.0
=006  m\\\\\\\\c\\\\\\\\
=007  cr\cna|||m|||a
=008  180611s1972\\\\nyu000\\\\\\\\s\\\vleng\d
=024  7\$aHI2017_001_01$2nyu-hidvl
=040  \\$aNNU$beng$cNNU
=041  0\$aeng
=100  1\$aWilson, Martha,$d1947-$ecreator, performer.
=245  10$aMartha Wilson Solo Performance Compilation /$cMartha Wilson, creator and performer.
=260  \\$c1972.
=300  \\$3viewing copy.$astreaming video (26 min., 59 sec.) :$bsd., col.
=490  1\$aFranklin Furnace: Performance and Politics Collection
=500  \\$aTitle supplied by the Hemispheric Institute.
=546  \\$aIn English.
=500  \\$aPart of the Hemispheric Institute Digital Video Library.
=511  0\$aMartha Wilson , performer.
=518  \\$aRecorded in 1972 at Nova Scotia College of Art and Design, Halifax, Nova Scotia, Canada
=520  \\$aMartha Wilson explores the effects of camera presence in this video compilation of her solo performances. She uses film as a political medium to record the temporal, visceral, and spacial dimensions of her subjectivity as a female artist. As both filmmaker and performer, Wilson asserts political autonomy over her image and counters phallocentric notions of the female body. She reverses the male gaze by becoming a subject of her own desire, while challenging standards of beauty. Wilson’s subjective agency places her identity as a woman artist front and center, a radical position that challenged the aesthetic practices of male conceptual artists in the 1970s.
=520  \\$aMartha Wilson is a pioneering gallery director and feminist artist who creates innovative photographic and video works that explore her female subjectivity. Wilson founded Franklin Furnace in 1976, an artist-run space that champions the exploration, promotion, and preservation of artist books, temporary installation, performance art, as well as online works. She has been described by New York Times critic Holland Cotter as one of 'the half-dozen most important people for art in downtown Manhattan in the 1970s.' Wilson has received fellowships for performance art from the National Endowment for the Arts and the New York Foundation for the Arts; Bessie and Obie awards for commitment to artists’ freedom of expression; a Yoko Ono Lennon Courage Award for the Arts; a Richard Massey Foundation-White Box Arts and Humanities Award; and an Honorary Doctor of Fine Arts degree from the Nova Scotia College of Art and Design University.$uhttp://www.marthawilson.com
=534  \\$pMedia source original:$e1 videocassette (VHS) : sd., col. ; 1/2 in. SP.$mKodak T-120.
=540  \\$aThere are copyright restrictions on this collection. For more information, go to the online version of this video.
=600  10$aWilson, Martha,$d1947-
=650  \0$aPerformance art.
=650  \0$aIdentity (Philosophical concept) in art.
=650  \0$aFeminism in art.
=650  \0$aArt$xPolitical aspects.
=650  \0$aIdentity politics.
=655  \7$aFilmed performances.$2lcgft
=655  \7$aPerformance.$2nyu-hidvl
=655  \7$aPerformance art.$2nyu-hidvl
=655  \7$aFeminist performance.$2nyu-hidvl
=710  2\$aNova Scotia College of Art and Design,$ehost institution.
=710  2\$aHemispheric Institute Digital Video Library.
=830  \0$aFranklin Furnace: performance and politics collection.

