=LDR  03901ngm a2200445   4500
=001  005888341
=005  20180313092404.0
=006  m\\\\\\\\c\\\\\\\\
=007  cr\cna|||m|||a
=008  171023e19791116fr\123\\\\\\\\s\\\vlfre\d
=024  7\$aHI2014_130_01$2nyu-hidvl
=040  \\$aNNU$beng$cNNU
=041  0\$afre
=043  \\$as-bl---$as-cl---$as-ag---$ae-fr---
=245  00$aCoup de poing sur la pointe du couteau /$cAugusto Boal, writer and director.
=246  3\$aMurro em ponta de faca
=260  \\$c1979 Nov. 16.
=300  \\$3viewing copy.$astreaming video (122 min., 22 sec.) :$bsd., col.
=490  1\$aAugusto Boal collection
=546  \\$aIn French.
=500  \\$aTitle supplied by the Hemispheric Institute.
=500  \\$aPart of the Hemispheric Institute Digital Video Library.
=518  \\$aRecorded at Théâtre de la Tempête, Paris, France.
=520  \\$aThe play ‘Murro em ponta de faca’ was written by Boal in 1971, during his exile. It is a story of the military dictatorship in Brazil and in Latin America. The story shows a group of exiled Brazilians that go through the social and individual experience of living, against their will, in a different homeland - in this case Chile, Argentina, and France. The group is formed by three couples of different social classes and ideologies (intellectuals, workers, and bourgeois) who are forced to live in the same space and face their differences and lack of freedom. The play deals with broad issues of exile, resulting in exclusion, denial, control, and intolerance, but also the fight for affirmation and resistance.
=520  \\$aAugusto Boal was a theatre director, scholar, teacher; political representative and statesman in Rio de Janeiro, Brazil; international speaker and the creator of the Theatre of the Oppressed. Born in 1931 in Rio de Janeiro, Augusto Boal was formally trained in chemical engineering and attended Columbia University in the late 1940s and early 1950s. In 1962 he was invited to work with Arena Theatre in Sao Paulo, Brazil where he stayed until 1971 when he was arrested, tortured, and exiled. His years directing and writing plays for Arena Theatre helped him to start slowly developing his own methodology, which continued in Argentina, Peru, Ecuador, Portugal, and Paris, following his exile from Brazil. That methodology would later culminate in the Theatre of the Oppressed.
=520  \\$aThe Theatre of the Oppressed is a participatory theatre that fosters democratic and cooperative forms of interaction among participants. It is a ‘rehearsal theatre’ practiced by ‘spect-actors’ (not spectators) who have the opportunity to both act and observe empowering processes of dialogue and critical thinking. In the Theatre of the Oppressed, the theatrical act is experienced as a conscious intervention, as a rehearsal for social action rooted in a collective analysis of shared problems. The methodology can be divided into several techniques used by Augusto Boal: Image Theatre, Newspaper Theatre, Invisible Theatre, Forum Theatre, Rainbow of Desire, and Legislative Theatre.
=534  \\$pMedia source original:$e1 videocassette (VHS) ; dimensions: 1/2 in. SP ;$mJVC E-180.
=540  \\$aThere are copyright restrictions on this collection. For more information, go to the online version of this video.
=650  \0$aExiles$zBrazil$vDrama.
=651  \0$aBrazil$xHistory$y1964-1985$vDrama.
=650  \0$aExiles$zChile$vDrama.
=650  \0$aExiles$zArgentina$vDrama.
=650  \0$aExiles$zFrance$vDrama.
=655  \7$aFilmed plays.$2lcgft
=655  \7$aPopular theater.$2nyu-hidvl
=655  \7$aTheater of the Oppressed.$2nyu-hidvl
=700  12$iContainer of (expression):$aBoal, Augusto.$tMurro em ponta de faca.$lFrench.
=700  1\$aBoal, Augusto,$eauthor,$edirector.
=710  2\$aHemispheric Institute Digital Video Library.
=830  \0$aAugusto Boal collection.

