=LDR  03599ngm a2200373 i 4500
=001  006016036
=005  20180313101318.0
=006  m\\\\\\\\c\\\\\\\\
=007  cr\cna|||m|||a
=008  180227e19850328nyu000\\\\\\\\s\\\vleng\d
=024  7\$aHI2016_037_01$2nyu-hidvl
=040  \\$aNNU$beng$cNNU
=041  0\$aeng
=245  00$aFranklin Furnace artists' books discussion at Queens College.
=260  \\$c1985 Mar. 28.
=300  \\$3viewing copy.$astreaming video (45 min., 19 sec.) :$bsd., col.
=490  1\$aFranklin Furnace: Performance and Politics Collection
=500  \\$aTitle supplied by the Hemispheric Institute.
=546  \\$aIn English.
=500  \\$aPart of the Hemispheric Institute Digital Video Library.
=511  0\$aSpeakers: Martha Wilson, Matthew Hogan.
=518  \\$aRecorded at Queens College (CUNY), New York, NY, USA on March 28, 1985.
=520  \\$aMartha Wilson presents a selection of artists’ books from Franklin Furnace's archive in Artists' Books Discussion at Queens College (1985). Wilson explains the importance of collecting artists’ books as other cultural institutions fail to include them as viable artworks due to their experimental form and political content. She traces the history of artists’ books from Futurism, Conceptual Art, and Fluxus, defining the avant-garde medium at the intersection of art and literature. Wilson discusses the visual, poetical, and conceptual arrangement of artists’ books and notes how these elements are performative on the page. She is later joined by Franklin Furnace Curator, Matthew Hogan, to present a selection of artists’ books from the organization’s permanent collection. This video features artists’ books by Charles Henri Ford, Kevin Osborn, Fluxus, Art Life Magazine, Ed Ruscha, Don Celender, Mark Berghash, John Baldessari, Eleanor Antin, Scott Hyde, The Apple Magazine, Warren Lehrer, Jessie Affelder, Sol Lewitt, Dick Higgins, and David Horton, among others.
=520  \\$aFranklin Furnace was founded in 1976 by artist Martha Wilson to champion ephemeral forms neglected by mainstream arts institutions. Franklin Furnace’s mission is to present, preserve, interpret, proselytize and advocate on behalf of avant-garde art, especially forms that may be vulnerable due to institutional neglect, their ephemeral nature, or politically unpopular content. The organization is dedicated to serving artists by providing both physical and virtual venues for the presentation of time-based visual art, including but not limited to artists’ books, installation art, performance art, and unforeseen contemporary avant-garde art forms; and to undertake other activities related to these purposes. Franklin Furnace is committed to serving emerging artists; to assuming an aggressive pedagogical stance with regard to the value of avant-garde art to life; and to fostering artists’ zeal to broadcast ideas. The organization has developed a place in art history for artists’ books, temporary installation art, and performance art. www.franklinfurnace.org
=534  \\$pMedia source original: unknown.
=540  \\$aThere are copyright restrictions on this collection. For more information, go to the online version of this video.
=610  20$aFranklin Furnace (Archive)
=650  \0$aArtists' books$xHistory.
=655  \7$aDiscussion.$2nyu-hidvl
=655  \7$aNonfiction films.$2lcgft
=700  1\$aWilson, Martha,$d1947-$espeaker.
=700  1\$aHogan, Matthew,$espeaker
=710  2\$aHemispheric Institute Digital Video Library.
=830  \0$aFranklin Furnace: performance and politics collection.

