=LDR  03093ngm a2200373   4500
=001  004094009
=005  20150202150552.0
=006  m\\\\\\\\c\\\\\\\\
=007  cr\cna|||m|||a
=008  150118s1987\\\\nyu020\\\\\\\\s\\\vlspa\d
=024  7\$aHI2013_052_01$2nyu-hidvl
=040  \\$aNNU$beng$cNNU
=041  0\$aspa$aeng
=245  00$aChicken sushi$h[videorecording] /$cCarmelita Tropicana, creator.
=260  \\$c1987.
=300  \\$3viewing copy.$astreaming video (19 min., 50 sec.) :$bsd., col.
=490  1\$aCarmelita Tropicana Collection
=500  \\$aPart of the Hemispheric Institute Digital Video Library.
=500  \\$aTitle supplied by the Hemispheric Institute.
=520  \\$aThis is a partial video documentation of the creation’s process of ‘Chicken Sushi.’ Carmelita Tropicana rehearses with the director and performs for the camera, offering fresh and funny reenactments in each scene. Carmelita introduces herself as "[...] I am Carmelita Tropicana. Miss Lower East Side 1985. Beauty Queen and Famous Night Club Entertainer [...]," to later telling her adventures and stories about the Lower East Side. She cooks up a special meal for the audience, which includes black beans, paprika, and chicken. While she sings in Japanese and Spanish, the transcultural serendipities of migration come together in her performance.
=520  \\$aAlina Troyano (a.k.a.Carmelita Tropicana) is a Cuban-born performance artist, playwright, and actor who has presented work internationally, from el Museo del Barrio in NYC to Hebbel am Ufer in Berlin. Her book, ‘I, Carmelita Tropicana: Performing Between Cultures’ includes plays, monologues, performance art pieces, and short stories. In Tropicana’s work humor and fantasy become subversive tools to rewrite history. Tropicana’s performances plays and videos have been presented at venues such as the Institute of Contemporary Art in London, Hebbel Am Ufer in Berlin, Centre de Cultura Contemporanea in Barcelona, the Berlin International Film Festival, the New Museum of Contemporary Art in New York, the Mark Taper Forum’s Kirk Douglas Theater in Los Angeles, and El Museo del Barrio in New York. She has received numerous awards including the prestigious Anonymous Was a Woman and fellowships from the New York Foundation for the Arts as well as an Obie for Sustained Excellence in Performance.
=534  \\$pMedia source original:$e1 videocassette (VHS) : sd., col. ; 1/2 in. SP.$mFuji T-60
=540  \\$aThere are copyright restrictions on this collection. For more information, go to the online version of this video.
=546  \\$aIn Spanish and English.
=650  \0$aMulticulturalism.
=650  \0$aEmigration and immigration$xPolitical aspects
=650  \0$aWomen in the performing arts.
=655  \7$aPerformance.$2nyu-hidvl
=655  \7$aVideo art.$2nyu-hidvl
=700  1\$aTropicana, Carmelita.$4cre
=710  2\$aHemispheric Institute Digital Video Library.
=830  \0$aCarmelita Tropicana collection.
=852  \\$aNNU$bWEB$cGENI$mElectronic access
=856  40$uhttp://hdl.handle.net/2333.1/nvx0k8r2$9WEB

