=LDR  04243ngm a2200553   4500
=001  004191959
=005  20180306171441.0
=006  m\\\\\\\\c\\\\\\\\
=007  cr\cna|||m|||a
=008  151002e19880122nyu243\\\\\\\\s\\\vleng\d
=024  7\$aHI2014_113_01$2nyu-hidvl
=024  7\$aHI2014_114_01$2nyu-hidvl
=040  \\$aNNU$beng$cNNU
=041  0\$aeng
=245  00$aBrooklyn College series (day 2) /$cAususto Boal, creator ; Harry Kelber, Judy Sigmund, moderators.
=260  \\$c1988 Jan. 22.
=300  \\$3viewing copy.$astreaming video (242 min., 9 sec.: pt.1: 122 min., 6 sec.; pt.2: 120 min., 3 sec.) :$bsd., col.
=490  1\$aAugusto Boal collection
=500  \\$aCoordinator of the Trade Union Leadership Institute of New York City Central Labor Council, AFL-CIO; Judy Sigmund, organizers.
=500  \\$aTitle supplied by the Hemispheric Institute.
=546  \\$aIn English.
=500  \\$aPart of the Hemispheric Institute Digital Video Library.
=511  0\$aAususto Boal, speaker ; Harry Kelber, Judy Sigmund, moderators.
=518  \\$aRecorded at Brooklyn College, New York, USA, on January 22, 1988.
=520  \\$aThe Brooklyn College series features video material of two full days of workshop with Augusto Boal in 1988. This is a video documentation of the second day of workshop, dedicated mostly to Forum Theatre practices. Augusto Boal leads general exercises and invites participants to think about how to apply Theatre of the Oppressed techniques in a classroom setting. This video material also includes discussions and exercises on transgression.
=520  \\$aAugusto Boal was a theatre director, scholar, teacher; political representative and statesman in Rio de Janeiro, Brazil; international speaker and the creator of the Theatre of the Oppressed. Born in 1931 in Rio de Janeiro, Augusto Boal was formally trained in chemical engineering and attended Columbia University in the late 1940s and early 1950s. In 1962 he was invited to work with Arena Theatre in Sao Paulo, Brazil where he stayed until 1971 when he was arrested, tortured, and exiled. His years directing and writing plays for Arena Theatre helped him to start slowly developing his own methodology, which continued in Argentina, Peru, Ecuador, Portugal, and Paris, following his exile from Brazil. That methodology would later culminate in the Theatre of the Oppressed.
=520  \\$aThe Theatre of the Oppressed is a participatory theatre that fosters democratic and cooperative forms of interaction among participants. It is a ‘rehearsal theatre’ practiced by ‘spect-actors’ (not spectators) who have the opportunity to both act and observe empowering processes of dialogue and critical thinking. In the Theatre of the Oppressed, the theatrical act is experienced as a conscious intervention, as a rehearsal for social action rooted in a collective analysis of shared problems. The methodology can be divided into several techniques used by Augusto Boal: Image Theatre, Newspaper Theatre, Invisible Theatre, Forum Theatre, Rainbow of Desire, and Legislative Theatre.
=534  \\$pMedia source original:$e2 videocassettes (VHS) : sd., col. ; 1/2 in. SP.$mSony ES-HG T-120
=540  \\$aThere are copyright restrictions on this collection. For more information, go to the online version of this video.
=600  10$aBoal, Augusto.
=600  10$aBoal, Augusto.$tJeux pour acteurs et non-acteurs.
=600  10$aBoal, Augusto.$tMéthode Boal de théâtre et de thérapie.
=600  10$aBoal, Augusto.$tTeatro del oprimido y otras poéticas políticas.
=650  \0$aTheater$xPolitical aspects.
=650  \0$aTheater and society.
=650  \0$aTheater$xStudy and teaching.
=650  \0$aParticipatory theater.
=650  \0$aActing$xTechnique.
=653  \\$aTheater of the Oppressed
=653  \\$aPerformance and politics
=655  \7$aWorkshop.$2nyu-hidvl
=655  \7$aCommunity theater.$2nyu-hidvl
=655  \7$aPopular theater.$2nyu-hidvl
=655  \7$aNonfiction films.$2lcgft
=700  1\$aBoal, Augusto,$ecreator,$espeaker.
=700  1\$aKelber, Harry,$emoderator.
=700  1\$aSigmund, Judy.,$emoderator.
=710  2\$aHemispheric Institute Digital Video Library.
=830  \0$aAugusto Boal collection.

