=LDR  05038ngm a2200577   4500
=001  005037257
=005  20180308162523.0
=006  m\\\\\\\\c\\\\\\\\
=007  cr\cna|||m|||a
=008  170609e19880121nyu215\\\\\\\\s\\\vleng\d
=024  7\$aHI2014_110_01$2nyu-hidvl
=024  7\$aHI2014_111_01$2nyu-hidvl
=024  7\$aHI2014_112_01$2nyu-hidvl
=040  \\$aNNU$beng$cNNU
=041  0\$aeng
=245  00$aBrooklyn College series (day 1) /$cAususto Boal, creator ; Harry Kelber, Judy Sigmund, moderators.
=260  \\$c1988 Jan. 21.
=300  \\$3viewing copy.$astreaming video (214 min., 51 sec.: pt.1: 119 min.; pt.2: 73 min., 40 sec.; pt.3: 21 min., 11 sec.) :$bsd., col.
=490  1\$aAugusto Boal collection
=500  \\$aTitle supplied by the Hemispheric Institute.
=546  \\$aIn English.
=500  \\$aPart of the Hemispheric Institute Digital Video Library.
=511  0\$aAususto Boal, speaker ; Harry Kelber, Judy Sigmund, moderators.
=518  \\$aRecorded at Brooklyn College, New York, NY, USA, on January 21, 1988.
=520  \\$aAugusto Boal gives a lecture at Brooklyn College on the theater of the oppressed. He states, “The theatre that I do is to show that every human being uses the same languages as the actor on stage (passion, movements, and costumes depending on the scenery), but the actor has consciousness of it.” He touches on the inevitability of “doing” theatre: that in fact once we learn to speak the language of theater, it can be rehearsed in real life in order to “analyze possibilities.” Lastly, in relation to the spectator, Boal argues that they should not be passive, but active and transgressive, seeking to interfere and modify the performance that is presented to them.
=520  \\$aIn the second part of the workshop Boal asks groups of five to present images of oppression, with 41 groups participating in total. Once this collection of images of oppression are presented, Boal asks if the participants identify themselves with the characters. He has them participate in an exercise of interaction involving movement, stillness, speaking, and silence.
=520  \\$a“To do is the best way to tell.” In the third part of the workshop Boal shows photos of families in other countries, such as Spain, USA, Portugal, Italy, Mexico, Sweden, and Egypt, while remarking on each country's history. After this exercise, Boal asks the participants to think about what they want to talk or fight about in preparation for the second day of the workshop, in which they will improvise these ideas and themes through a Forum Theater exercise.
=520  \\$aAugusto Boal was an innovative and influential Brazilian theatrical director, writer, pedagogue and politician. He is considered to be one of the most important creators of political theater since Brecht. Boal is the author of Theater of the Oppressed, Games for Actors and Non-Actors, Rainbow of Desire, Legislative Theater, among others. He was a Member of Parliament for Rio de Janeiro from 1993-1996. Boal is the founder of Theater of the Oppressed, a political theatrical form originally used in radical popular education movements, growing up alongside Paulo Freire's Pedagogy of the Oppressed. Theater of the Oppressed is a system of games and special techniques that aims at developing, in the oppressed citizens, the language of the theater, in order to help them fight against their oppressions and to transform the society that engenders those oppressions. The word Oppressed is used in the sense of s/he who has lost the right to express his/her wills and needs, and is reduced to the condition of obedient listener of a monologue. It must be used as an instrument of concrete social transformation, a tool of fighting against all forms class oppression, racism, sexism, and all kinds of discrimination.
=534  \\$pMedia source original:$e3 videocassettes (VHS) : sd., col. ; 1/2 in. SP.$mSony ES-HG T-120.
=540  \\$aThere are copyright restrictions on this collection. For more information, go to the online version of this video.
=600  10$aBoal, Augusto.
=600  10$aBoal, Augusto.$tJeux pour acteurs et non-acteurs.
=600  10$aBoal, Augusto.$tMéthode Boal de théâtre et de thérapie.
=600  10$aBoal, Augusto.$tTeatro del oprimido y otras poéticas políticas.
=650  \0$aTheater$xStudy and teaching.
=650  \0$aParticipatory theater.
=650  \0$aActing$xTechnique.
=650  \0$aTheater$xPolitical aspects.
=650  \0$aTheater and society.
=653  \\$aTheater of the Oppressed
=653  \\$aPerformance and politics
=655  \7$aWorkshop.$2nyu-hidvl
=655  \7$aCommunity theater.$2nyu-hidvl
=655  \7$aPopular theater.$2nyu-hidvl
=655  \7$aFilmed lectures.$2lcgft
=655  \7$aNonfiction films.$2lcgft
=700  1\$aBoal, Augusto,$ecreator,$espeaker.
=700  1\$aKelber, Harry,$emoderator.
=700  1\$aSigmond, Judy,$emoderator.
=710  2\$aHemispheric Institute Digital Video Library.
=830  \0$aAugusto Boal collection.

