=LDR  03625ngm a2200409 i 4500
=001  006005449
=005  20180313100204.0
=006  m\\\\\\\\c\\\\\\\\
=007  cr\cna|||m|||a
=008  180226e19880816nyu017\\\\\\\\s\\\vleng\d
=024  7\$aHI2015_017_01$2nyu-hidvl
=040  \\$aNNU$beng$cNNU
=041  0\$aeng
=043  \\$an-us---
=245  00$aConcrete poetry /$ccurated by Matthew Hogan.
=260  \\$c1988 August 16
=300  \\$3viewing copy.$astreaming video (16 min., 26 sec.) :$bsd., col.
=490  1\$aFranklin Furnace: Performance and Politics Collection
=500  \\$aTitle supplied by the Hemispheric Institute.
=546  \\$aIn English.
=500  \\$aPart of the Hemispheric Institute Digital Video Library.
=511  0\$aAuthor readers: Augusto de Campos, Emmet Williams, Paul de Vree, Jiri Kolar, Wolfgang Schmidt.
=518  \\$aFilmed at Franklin Furnace, New York, NY, USA on August 16, 1988.
=520  \\$aFranklin Furnace's Matthew Hogan curates a selection of poetic works as part of "Concrete Poetry" (1988). This exhibition, held at Franklin Furnace, featured an array of books, audio, and videotapes of concrete poetry—a form of poetry depicted through semantic, visual, and phonetic elements of language. It drew from Franklin Furnace's artists' books collection, the nation's largest repository of the avant-garde book form, and also included a selection of materials on loan from anonymous donors. The works featured in "Concrete Poetry" (1988) expand upon the motifs of pop-up poems, constellation poems, and typopoems explored in "Concrete Poetry: The Early Years" (1986), an exhibition organized by Franklin Furnace and presented at the Metropolitan Museum of Art. This video includes poetic works by Augusto de Campos, Emmett Williams, Paul de Vree, Jiri Kolar, and Wolfgang Schmidt.
=520  \\$aFranklin Furnace was founded in 1976 by artist Martha Wilson to champion ephemeral forms neglected by mainstream arts institutions. Franklin Furnace’s mission is to present, preserve, interpret, proselytize, and advocate on behalf of avant-garde art, especially forms that may be vulnerable due to institutional neglect, their ephemeral nature, or politically unpopular content. The organization is dedicated to serving artists by providing both physical and virtual venues for the presentation of time-based visual art, including but not limited to artists’ books, installation art, performance art, and unforeseen contemporary avant-garde art forms, as well as to undertake other activities related to these purposes. Franklin Furnace is committed to serving emerging artists, assuming an aggressive pedagogical stance with regard to the value of avant-garde art to life, and fostering artists’ zeal to broadcast ideas. The organization has developed a place in art history for artists’ books, temporary installation art, and performance art. www.franklinfurnace.org
=534  \\$pMedia source original: unknown.
=540  \\$aThere are copyright restrictions on this collection. For more information, go to the online version of this video.
=610  20$aFranklin Furnace (Archive)$vExhibitions.
=650  \0$aConcrete poetry$vExhibitions.
=650  \0$aConcrete poetry$xThemes, motives.
=650  \0$aArts$xPolitical aspects$zUnited States$xHistory$y20th century$vExhibitions.
=655  \7$aFilmed literary readings.$2lcgft
=655  \7$aPoetry.$2nyu-hidvl
=700  1\$aHogan, Matthew,$ecurator.
=710  2\$aFranklin Furnace (Archive)
=710  2\$aHemispheric Institute Digital Video Library.
=830  \0$aFranklin Furnace: performance and politics collection.

