=LDR  03868ngm a2200433   4500
=001  005888648
=005  20180313153627.0
=006  m\\\\\\\\c\\\\\\\\
=007  cr\cna|||m|||a
=008  171024s199u\\\\enk126\\\\\\\\s\\\vleng\d
=024  7\$aHI2016_017_01$2nyu-hidvl
=024  7\$aHI2016_018_01$2nyu-hidvl
=040  \\$aNNU$beng$cNNU
=041  0\$aeng
=043  \\$as-bl---
=245  00$aLegislative Theatre /$cAugusto Boal (creator)
=260  \\$c199-?
=300  \\$3viewing copy.$astreaming video (125 min., 16 sec.) :$bsd., col.
=490  1\$aAugusto Boal collection
=546  \\$aIn English.
=500  \\$aTitle supplied by the Hemispheric Institute.
=500  \\$aPart of the Hemispheric Institute Digital Video Library.
=511  0\$aParticipants: Lisa Jardim, Tarik Ali, Paul Hallan, Mark Stephens, Lisa Hirst, Moira Gart, Julian Boal, Adrien Jackson, Ally Campbell.
=518  \\$aRecorded at London, England in 199-?.
=520  \\$aThis performance begins with Boal retelling how, when he was elected to office in Rio de Janeiro, he began the Legislative Theater to organize groups of people to help them to fight oppression through theater. Having marginalized people participate in the theater and express their problems, Boal brought attention to these issues through his political position and projects of law. The efforts of the Theater of the Oppressed to make substantial political change and extend the potential of democracy, led to the passing of 13 laws in Rio. In this performance, Boal recreates the years of the Legislative Theater by breaking the participants into groups and giving them a socio-political issue to improvise and act on, such as minimum wage. As the 5 plays happen simultaneously, Boal offers 'We present the problem, but the solution comes from you,' to re-enforce that the political power comes from the people as they express their frustrations, create and propose legislation.
=520  \\$aAugusto Boal was an innovative and influential Brazilian theatrical director, writer, pedagogue and politician. He is considered to be on of the most important creators of political theater since Brecht. Boal is the author of Theater of the Oppressed, Games for Actors and Non-Actors, Rainbow of Desire, Legislative Theater, among others. He was a Member of Parliament for Rio de Janeiro from 1993-1996. Boal is the founder of Theater of the Oppressed, a political theatrical form originally used in radical popular education movements, growing up alongside Paulo Freire's Pedagogy of the Oppressed. Theater of the Oppressed is a system of games and special techniques that aims at developing, in the oppressed citizens, the language of the theater, in order to help them fight against their oppressions and to transform the society that engenders those oppressions. The word Oppressed is used in the sense of s/he who has lost the right to express his/her wills and needs, and is reduced to the condition of obedient listener of a monologue. It must be used as an instrument of concrete social transformation, a tool of fighting against all forms class oppression, racism, sexism, and all kinds of discrimination.
=540  \\$aThere are copyright restrictions on this collection. For more information, go to the online version of this video.
=650  \0$aTheater$xPolitical aspects.
=650  \0$aTheater$xPolitical aspects$zBrazil.
=651  \0$aRio de Janeiro (Brazil)$xPolitics and government$y20th century$vDrama.
=653  \\$aPerformance and politics
=653  \\$aTheater of the Oppressed.
=655  \7$aPerformance.$2nyu-hidvl
=655  \7$aPolitical theatre.$2nyu-hidvl
=655  \7$aLegislative theatre.$2nyu-hidvl
=655  \7$aTheater of the Oppressed.$2nyu-hidvl
=700  1\$aBoal, Augusto,$ecreator.
=710  2\$aHemispheric Institute Digital Video Library.
=830  \0$aAugusto Boal collection.

