=LDR  03688ngm a2200433 i 4500
=001  006005364
=005  20180227084543.0
=006  m\\\\\\\\c\\\\\\\\
=007  cr\cna|||m|||a
=008  180226e19900503nyu047\\\\\\\\s\\\vleng\d
=024  7\$aHI2015_014_01$2nyu-hidvl
=040  \\$aNNU$beng$cNNU
=041  0\$aeng$aspa$ager
=043  \\$an-us---
=245  00$aTim Miller: stretch marks /$cTim Miller, creator and performer.
=246  30$aStretch marks
=260  \\$c1999 May 3.
=300  \\$3viewing copy.$astreaming video (46 min., 22 sec.) :$bsd., col.
=490  1\$aFranklin Furnace: Performance and Politics Collection
=500  \\$aTitle supplied by the Hemispheric Institute.
=546  \\$aIn English, Spanish and German.
=500  \\$aPart of the Hemispheric Institute Digital Video Library.
=511  0\$aTim Miller, performer.
=518  \\$aFilmed at PS122, New York, NY, USA, on May 3, 1999.
=520  \\$aTim Miller’s Stretch Marks (1990) is a call to action regarding sexual politics in the height of the AIDS epidemic. Miller employs a queer temporality by relaying his coming-out in high school to his present identity as a gay man, artist, and citizen. He addresses the political climate of HIV/AIDS in the United States and how the disease has led to homophobic agendas, specifically under Ronald Reagan’s administration. Miller assumes a voice of political agency through his involvement with ACT UP Los Angeles and critiques the medical industrial complex for contributing to the AIDS death toll. He concludes by envisioning a queer futurity beyond the stigma of HIV/AIDS where gay men are free to be themselves. Stretch Marks was intended to be part of Franklin Furnace’s “History of the Future” (1999) netcast on Pseudo Programs, Inc.’s The Performance Channel (www.channelp.com); the corporation went bankrupt during the height of the culture wars, however, leaving the performance footage dormant until published in full by HIDVL in 2015.
=520  \\$aTim Miller is an internationally acclaimed performance artist. Miller's work explores the artistic, spiritual, and political topography of his identity as a gay man. His performances have been presented across the world in such prestigious venues as Yale Repertory Theatre, London Institute of Contemporary Art, Walker Art Center, Actors Theatre of Louisville, and Brooklyn Academy of Music. Miller is the author of Shirts & Skin (1997), Body Blows (2002), and 1001 Beds (2006), and his solo performance works have been published in O Solo Homo (1998) and Sharing the Delirium (1994). He has taught performance at the University of California, Los Angeles, New York University, the School of Theology at Claremont University, and other universities across the United States. He is a co-founder of Performance Space 122 in New York City and Highways Performance Space in Santa Monica, California. www.timmillerperformer.com
=534  \\$pMedia source original:$e1 videocassette (VHS) : sd., col. ; 1/2 in. SP.
=540  \\$aThere are copyright restrictions on this collection. For more information, go to the online version of this video.
=600  10$aMiller, Tim,$d1958-
=650  \0$aAIDS (Disease) and the arts$zUnited States.
=610  20$aACT UP Los Angeles (Organization)
=650  \0$aPerformance art$xPolitical aspects$zUnited States.
=655  \7$aFilmed performances.$2lcgft
=655  \7$aPerformance.$2nyu-hidvl
=655  \7$aTheater.$2nyu-hidvl
=655  \7$aSolo performance.$2nyu-hidvl
=700  1\$aMiller, Tim,$d1958-$ecreator,$eperformer.
=710  2\$aHemispheric Institute Digital Video Library.
=830  \0$aFranklin Furnace: performance and politics collection.

