=LDR  01631ngm a2200481 i 4500
=001  006054689
=005  20180406153202.0
=006  m\\\\\\\\c\\\\\\\\
=007  cr\cna|||m|||a
=008  180406s1992\\\\nyu027\\\\\\\\s\\\vleng\d
=024  7\$aHI2017_001_01$2nyu-hidvl
=040  \\$aNNU$beng$cNNU
=041  0\$aeng
=245  00$aMartha Wilson solo performance compilation /$cMartha Wilson, creator and performer.
=260  \\$c1972.
=300  \\$3viewing copy.$astreaming video (26 min., 59 sec.) :$bsd., col.
=490  1\$aFranklin Furnace: Performance and Politics Collection
=500  \\$aTitle supplied by the Hemispheric Institute.
=546  \\$aIn English.
=500  \\$aPart of the Hemispheric Institute Digital Video Library.
=511  0\$aPerformers:
=518  \\$aRecorded at the Nova Scotia College of Art and Design, Halifax, Nova Scotia, Canada in 1972.
=520  \\$aS
=534  \\$pMedia source original:$e1 videocassette (VHS) : sd., col. ; 1/2 in. SP.$mKogak T-120.
=540  \\$aThere are copyright restrictions on this collection. For more information, go to the online version of this video.
=600  10$aA.
=610  20$aC.
=650  \0$aS.
=650  \0$aS.
=653  \\$a3
=655  \7$aG.$2lcgft
=655  \7$aG.$2lcgft
=655  \7$aPerformance.$2nyu-hidvl
=655  \7$aG.$2nyu-hidvl
=655  \7$aG.$2nyu-hidvl
=655  \7$aG.$2nyu-hidvl
=655  \7$aG.$2nyu-hidvl
=700  1\$aA$eE$eE
=700  1\$aA$eE$eE
=700  1\$aA$eE$eE
=710  2\$aA$eE
=710  2\$aHemispheric Institute Digital Video Library.
=830  \0$aFranklin Furnace: performance and politics collection.

