=LDR  04194ngm a2200505 i 4500
=001  005887614
=005  20180313090112.0
=006  m\\\\\\\\c\\\\\\\\
=007  cr\cna|||m|||a
=008  171019e19920801gau080\\\\\\\\s\\\vleng\d
=024  7\$aHI2014_120_01$2nyu-hidvl
=040  \\$aNNU$beng$cNNU
=041  0\$aeng
=245  00$aAugusto Boal at the 1992 ATHE Conference /$cAssociation for Theatre in Higher Education, producer
=260  \\$c1992 August 1.
=300  \\$3viewing copy.$astreaming video (79 min., 36 sec.) :$bsd., col.
=490  1\$aAugusto Boal collection
=546  \\$aIn English.
=500  \\$aTitle supplied by the Hemispheric Institute.
=500  \\$aPart of the Hemispheric Institute Digital Video Library.
=511  0\$aAugusto Boal, speaker.
=518  \\$aRecorded in Atlanta, Georgia, August 1, 1992.
=520  \\$aIn this Lecture from 1992, part of the ATHE Conference, Augusto Boal talks about his journey as a director and the trajectory of the Theatre of the Oppressed. Boal discusses the different kind of oppression he encountered in Europe and how he came to develop the Rainbow of Desire technique - exercises based on the internalization of oppression, ‘the cop in the head.’ During this lecture Augusto Boal presents and discusses three drawings - ‘What is Theatre?’; ‘What is a Human Being?’; and ‘What is an Actor?’ - as a way to emphasize the Theatre of the Oppressed as a methodology of exercises, games, images, and techniques that restore human capacity to do, to be theatre.
=520  \\$aAugusto Boal was a theatre director, scholar, teacher; political representative and statesman in Rio de Janeiro, Brazil; international speaker and the creator of the Theatre of the Oppressed. Born in 1931 in Rio de Janeiro, Augusto Boal was formally trained in chemical engineering and attended Columbia University in the late 1940s and early 1950s. In 1962 he was invited to work with Arena Theatre in Sao Paulo, Brazil where he stayed until 1971 when he was arrested, tortured, and exiled. His years directing and writing plays for Arena Theatre helped him to start slowly developing his own methodology, which continued in Argentina, Peru, Ecuador, Portugal, and Paris, following his exile from Brazil. That methodology would later culminate in the Theatre of the Oppressed.
=520  \\$aThe Theatre of the Oppressed is a participatory theatre that fosters democratic and cooperative forms of interaction among participants. It is a ‘rehearsal theatre’ practiced by ‘spect-actors’ (not spectators) who have the opportunity to both act and observe empowering processes of dialogue and critical thinking. In the Theatre of the Oppressed, the theatrical act is experienced as a conscious intervention, as a rehearsal for social action rooted in a collective analysis of shared problems. The methodology can be divided into several techniques used by Augusto Boal: Image Theatre, Newspaper Theatre, Invisible Theatre, Forum Theatre, Rainbow of Desire, and Legislative Theatre.
=534  \\$pMedia source original:$e1 videocassette (VHS) ; dimensions: 1/2 in. SP;$mFuji HQ T-120
=540  \\$aThere are copyright restrictions on this collection. For more information, go to the online version of this video.
=600  10$aBoal, Augusto.
=600  10$aBoal, Augusto.$tMéthode Boal de théâtre et de thérapie.
=600  10$aBoal, Augusto.$tTeatro del oprimido y otras poéticas políticas.
=600  10$aBoal, Augusto.$tTeatro legislativo.
=650  \0$aTheater$xPolitical aspects.
=650  \0$aTheater and society.
=650  \0$aStreet theater.
=653  \\$aPerformance and politics
=653  \\$aTheater of the Oppressed
=655  \7$aFilmed lectures.$2lcgft
=655  \7$aWorkshop.$2nyu-hidvl
=655  \7$aCommunity theater.$2nyu-hidvl
=655  \7$aPopular theater.$2nyu-hidvl
=700  1\$aBoal, Augusto,$espeaker.
=710  2\$aAssociation for Theatre in Higher Education (U.S.),$eproducer.
=711  2\$aAssociation for Theatre in Higher Education (U.S.). ǂb Conference ǂd (1992 : ǂc Atlanta, Georgia)
=710  2\$aHemispheric Institute Digital Video Library.
=830  \0$aAugusto Boal collection.

