=LDR  03754ngm a2200457 i 4500
=001  006004864
=005  20180425135726.0
=006  m\\\\\\\\c\\\\\\\\
=007  cr\cna|||m|||a
=008  180223e19920621nyu113\\\\\\\\s\\\vleng\d
=024  7\$aHI2015_013_01$2nyu-hidvl
=040  \\$aNNU$beng$cNNU
=041  0\$aeng
=043  \\$an-us---
=245  00$aFranklin Furnace: Too Shocking to Show.
=246  30$aToo shocking to show
=260  \\$c1992 June 21.
=300  \\$3viewing copy.$astreaming video (112 min., 10 sec.) :$bsd., col.
=490  1\$aFranklin Furnace: Performance and Politics Collection
=500  \\$aTitle supplied by the Hemispheric Institute.
=546  \\$aIn English.
=500  \\$aPart of the Hemispheric Institute Digital Video Library.
=511  0\$aSpeakers: Robert T. Buck, Martha Wilson, Carol S. Vance ; performers: Sapphire, Holly Hughes, Scarlet O., Tim Miller.
=518  \\$aFilmed at The Brooklyn Museum, Brooklyn, New York, USA, June 21, 1992.
=520  \\$aIn the midst of the US culture wars, Franklin Furnace, in collaboration with the Brooklyn Museum, presented “Too Shocking To Show.” The event was prompted by the National Endowment for the Arts’ revocation of Franklin Furnace’s Visual Artists Organizations grant and the heightened institutional censorship of sexually explicit art. Throughout the performance, speakers discuss the systemic effects of censorship by the NEA, alongside artists that have either been censored by the NEA or considered obscene by conservative and religious groups. It examines how the NEA impacts the inclusion of sexual imagery and political subject matter in the arts. Featured speakers and artists in this video include Robert T. Buck, Martha Wilson, Carol S. Vance, Sapphire, Holly Hughes, Scarlet O, and Tim Miller.
=520  \\$aFranklin Furnace was founded in 1976 by artist Martha Wilson to champion ephemeral forms neglected by mainstream arts institutions. Franklin Furnace’s mission is to present, preserve, interpret, proselytize, and advocate on behalf of avant-garde art, especially forms that may be vulnerable due to institutional neglect, their ephemeral nature, or politically unpopular content. The organization is dedicated to serving artists by providing both physical and virtual venues for the presentation of time-based visual art, including but not limited to artists’ books, installation art, performance art, and unforeseen contemporary avant-garde art forms, as well as to undertake other activities related to these purposes. Franklin Furnace is committed to serving emerging artists, assuming an aggressive pedagogical stance with regard to the value of avant-garde art to life, and fostering artists’ zeal to broadcast ideas. The organization has developed a place in art history for artists’ books, temporary installation art, and performance art. www.franklinfurnace.org.
=534  \\$pMedia source original:$e1 videocassette (Mini DV) : sd., col. ; 1/4 in. SP.$mSony ES HG.
=540  \\$aThere are copyright restrictions on this collection. For more information, go to the online version of this video.
=610  20$aFranklin Furnace (Archive).
=650  \0$aArts$xCensorship$zUnited States.
=650  \0$aCulture conflict$zUnited States.
=610  20$aNational Endowment for the Arts.
=610  10$aUnited States.$tConstitution.$n1st Amendment.
=655  \7$aFilmed performances.$2nyu-hidvl
=655  \7$aPerformance.$2nyu-hidvl
=655  \7$aTheater.$2nyu-hidvl
=655  \7$aPoetry.$2nyu-hidvl
=655  \7$aPerformance art.$2nyu-hidvl
=710  2\$aBrooklyn Museum,$ehost institution.
=710  2\$aHemispheric Institute Digital Video Library.
=830  \0$aFranklin Furnace: performance and politics collection.

