=LDR  02602ngm a2200469   4500
=001  005887834
=005  20180313085306.0
=006  m\\\\\\\\c\\\\\\\\
=007  cr\cna|||m|||a
=008  171020e19930715bl\120\\\\\\\\s\\\vlpor\d
=024  7\$aHI2014_125_01$2nyu-hidvl
=040  \\$aNNU$beng$cNNU
=041  0\$apor
=043  \\$as-bl---
=245  00$aVII Festival Internacional do Teatro do Oprimido.
=246  3\$a22 Anos de Teatro do Oprimido
=260  \\$c1993 July 15.
=300  \\$3viewing copy.$astreaming video (119 min., 43 sec.) :$bsd., col.
=490  1\$aAugusto Boal collection
=546  \\$aIn Portuguese.
=500  \\$aTitle supplied by the Hemispheric Institute.
=500  \\$aPart of the Hemispheric Institute Digital Video Library.
=520  \\$aIn this documentation from the VII FITO, we witness the first day of the festival where Augusto Boal introduces the groups that will be performing. Also, in this particular year (1993), the Theatre of the Oppressed was celebrating 22 years and a series of scenes from the trajectory of the Theatre of the Oppressed were performed, including: ‘Revolução na América do Sul’ (1959); ‘O Tio Patinhas e a pílula’ (1968); ‘Verde que te quero Verde’ (1968); ‘A Concreção da Abstração’ (1971); and ‘Torquemada’ (1971).
=520  \\$aFITO is the International Festival of the Theatre of the Oppressed, where groups from all over the world meet in Rio de Janeiro to perform their plays created with the methods of the Theatre of the Oppressed (Image, Invisible, Forum, and Legislative Theatre).
=518  \\$aRecorded at CCBB in Rio de Janeiro, Brazil.
=534  \\$pMedia source original:$e1 videocassette (VHS) ; dimensions: 1/2 in. SP ;$mBASF High Quality T-120.
=540  \\$aThere are copyright restrictions on this collection. For more information, go to the online version of this video.
=611  20$aFestival Internacional do Teatro do Oprimido$n(7th :$d1993 :$cRio de Janeiro, Brazil)
=650  \0$aDrama festivals$zBrazil$zRio de Janeiro$xHistory.
=650  \0$aTheater$xPolitical aspects.
=650  \0$aTheater and society.
=653  \\$aPerformance and politics
=653  \\$aTheater of the Oppressed
=655  \7$aFilmed plays.$2lcgft
=655  \7$aNonfiction films.$2lcgft
=655  \7$aPerformance.$2nyu-hidvl
=655  \7$aCommunity theater.$2nyu-hidvl
=655  \7$aPopular theater.$2nyu-hidvl
=655  \7$aTheater of the Oppressed.$2nyu-hidvl
=700  1\$aBoal, Augusto,$espeaker.
=710  2\$aHemispheric Institute Digital Video Library.
=830  \0$aAugusto Boal collection.

