=LDR  03279ngm a2200469 a 4500
=001  003756430
=005  20140421214309.0
=006  m\\\\\\\\c\\\\\\\\
=007  cr\cna|||m|||a
=008  130606s1993\\\\mx\010\\\\\\\\s\\\vlspa\d
=024  7\$aHI2011_045_02$2nyu-hidvl
=040  \\$aNNU$beng$cNNU
=041  0\$aspa
=043  \\$an-mx---
=245  02$aHeavy nopal$h[videorecording] /$cAstrid Hadad, creator.
=260  \\$c1993.
=300  \\$3viewing copy.$a1 streaming video (10 min.) :$bsd., col.
=490  1\$aAstrid Hadad collection
=546  \\$aIn Spanish.
=500  \\$aTitle supplied by Hemispheric Institute.
=500  \\$aPart of the Hemispheric Institute Digital Video Library.
=511  0\$aAstrid Hadad, protagonist ; Los Tarzanes, musicians.
=520  \\$aThis video documentation shows a selection of Astrid Hadad and Los Tarzanes’ songs. In ‘Heavy Nopal,’ Astrid uses Mexican iconic references, like the cactus, the rock, the pyramid, and the tequila bottle. These elements are not just scenery, but they appear also on Hadad’s own body, which so becomes a human, mobile stage, and also an altar. From the calla lilies to the extremely complex surprise-multi-purpose outfits, to the innumerable ornaments, ‘rebozos,’ virgins of Guadalupe, guns, and common places in the essence of Mexico, Astrid Hadad and her Tarzanes transport the audience through several levels of iconography. Through this iconography, Hadad offers different meanings for both the female body and the Mexican political body.
=520  \\$aAstrid Hadad is a vocalist and performance artist from Mexico. The term ‘heavy nopal’ refers to the Mexican cactus distilled to make tequila and is how Hadad describes her style of performance. Her shows follow the format of a cabaret, in which Hadad dazzles her audience with stunning vocals and elaborated costumes. She appropriates iconic images in Mexican culture, straps them to her body, and walks onstage to reconfigure their meanings. Through her voice and her body, Hadad challenges to her audience to adopt her system of cultural processing. Most of her work challenges cultural norms pertaining to gender roles in Mexican society. She also addresses issues of US neo imperialism. Hadad writes, produces, and promotes her own work.
=534  \\$pMedia source original:$e1 videocassette of 1 (Betacam SP) : sd., col. ; 1/2 in..$mSony Anti-static Betacam SP (Outsource Conversion)
=540  \\$aThere are copyright restrictions on this collection. For more information, go to the online version of this video.
=650  \0$aHuman body$xPolitical aspects
=650  \0$aWomen$xPhysiology$xPolitical aspects.
=650  \0$aPerformance art$xPolitical aspects$zMexico.
=650  \0$aWomen singers$zMexico.
=650  \0$aPerformance artists$zMexico.
=653  \\$aMexican iconography.
=655  \7$aPerformance.$2nyu-hidvl
=655  \7$aCabaret.$2nyu-hidvl
=655  \7$aTheater.$2nyu-hidvl
=655  \7$aHeavy nopal.$2nyu-hidvl
=700  1\$aHadad, Astrid.$4cre$4prf
=710  2\$aTarzanes (Musical group)$4mus
=710  2\$aHemispheric Institute Digital Video Library.
=830  \0$aAstrid Hadad collection.
=852  \\$aNNU$bWEB$cGENI$mElectronic access
=856  40$uhttp://hdl.handle.net/2333.1/95x69qxp$9WEB

