=LDR  04406ngm a2200481   4500
=001  004240336
=005  20160229145832.0
=006  m\\\\\\\\c\\\\\\\\
=007  cr\cna|||m|||a
=008  160226s1993\\\\cau099\\\\\\\\s\\\vleng\d
=024  7\$aHI2014_138_01$2nyu-hidvl
=040  \\$aNNU$beng$cNNU
=041  0\$aeng
=245  00$aAnnie Sprinkle$h[videorecording] :$bPost Porn Modernist /$cAnnie Sprinkle, writer; Emilio Cubeiro, director.
=246  30$aPost Porn Modernist
=260  \\$c1993.
=300  \\$3viewing copy.$astreaming video (98 min., 3 sec.) :$bsd., col.
=490  1\$aFranklin Furnace: Performance and Politics collection
=500  \\$aTitle supplied by the Hemispheric Institute.
=500  \\$aPart of the Hemispheric Institute Digital Video Library.
=511  1\$aAnnie Sprinkle, performer.
=518  \\$aPerformed at the Highways Performance Space, Santa Monica, CA, USA, in 1993.
=520  \\$aAnnie Sprinkle is a prostitute/porn star turned artist/sexologist. She explores sexuality through her unique brand of feminist sex films, writings, artworks, performances, and teachings. Sprinkle has long championed sex worker rights and health care, and was pivotal in the Sex Positive Feminist Movement of the 1980's. She received her BFA from the School of Visual Arts in New York City and was the first porn star to earn a Ph.D, which was awarded to her by the Institute for the Advanced Study of Human Sexuality in San Francisco. For many years, Sprinkle has collaborated with her long time partner, Elizabeth Stephens, an artist and UCSC professor. Sprinkle and Stephens are active leaders of the Ecosex Movement, where they are committed to making environmental activism more sexy, fun, and diverse through artistic gestures. www.anniesprinkle.org / www.sexecology.org
=520  \\$aPost Porn Modernist chronicles Annie Sprinkle's careers as a sex worker, pro-sex activist, and artist. Sprinkle begins with her transformation from Ellen Steinberg to Annie Sprinkle, an act that prompted her sexual revolution. In this process of becoming, Sprinkle critiques patriarchal ideals of female sexuality and second-wave feminist anti-porn agendas. While critical of the male gaze, Sprinkle engages the gesture by posing on her own terms and affirming her sexual pleasure to re-appropriate the gaze throughout the performance. She provides a playful critique of the National Endowment for the Arts, alluding to her exhibit Carnival Knowledge (1984) presented by Franklin Furnace, which was reprimanded by the federal agency for its feminist pornographic content. Sprinkle discusses the labor politics of the sex work industry and her close relationships to clients, some of whom were disabled, lesbian, transgender, or gay men with HIV/AIDS. During the AIDS epidemic, Sprinkle focused her sex work on developing new practices such as the breath orgasm, a technique created with Barbara Carrellas, which allowed those infected with the disease to experience pleasure without having intercourse. This shift in Sprinkle’s work prompted the transformation of Annie into Anya, a persona who embodies the sacred energy of ancient goddess prostitutes. Post Porn Modernist was intended to be part of Franklin Furnace’s ‘History of the Future’ (1999) netcast on Pseudo Programs, Inc.’s The Performance Channel (www.channelp.com); however, the corporation went bankrupt during the height of the culture wars leaving the performance footage dormant until published in full length by HIDVL in 2015.
=534  \\$pMedia source original:$e1 videocassette (VHS) : sd., col. ; 1/2 in. SP.$mTDK HS
=540  \\$aThere are copyright restrictions on this collection. For more information, go to the online version of this video.
=546  \\$aIn English.
=600  10$aSprinkle, Annie,$d1954-
=650  \0$aProstitutes.
=650  \0$aProstitution.
=650  \0$aSexual excitement.
=650  \0$aSexual rights.
=650  \0$aSexual freedom$xPolitical aspects.
=650  \0$aSex in art.
=650  \0$aFeminism$xPolitical aspects.
=650  \0$aPerformance art.
=653  \\$aSexual politics.
=655  \7$aFeminist.$2nyu-hidvl
=655  \7$aPerformance art.$2nyu-hidvl
=700  1\$aSprinkle, Annie,$d1954-$4aut$4prf
=700  1\$aCubeiro, Emilio.$4drt
=710  2\$aHemispheric Institute Digital Video Library.
=830  \0$aFranklin Furnace : performance and politics collection.

