=LDR  03919ngm a2200457   4500
=001  005888334
=005  20180313154004.0
=006  m\\\\\\\\c\\\\\\\\
=007  cr\cna|||m|||a
=008  171023e19940603au\049\\\\\\\\s\\\vleng\d
=024  7\$aHI2016_016_01$2nyu-hidvl
=040  \\$aNNU$beng$cNNU
=041  0\$aeng
=245  00$aPolitisches Theatre /$cAugusto Boal, speaker.
=260  \\$c1994 June 3.
=300  \\$3viewing copy.$astreaming video (48 min., 45 sec.) :$bsd., col.
=490  1\$aAugusto Boal collection
=546  \\$aIn English.
=500  \\$aTitle supplied by the Hemispheric Institute.
=500  \\$aPart of the Hemispheric Institute Digital Video Library.
=518  \\$aVideotaped in Vienna, Austria on 6/3/1994.
=520  \\$aThe Politisches Theatre lecture Boal gave in 1994 in Vienna, Austria, narrates the trajectory of the Theater of the Oppressed and several key moments in its trajectory. Beginning with the socio-political history of Brazil in the 1960s, Boal marks the military dictatorship, discriminatory land laws, police abuse, drug trade in the slums, and migration as inspiring him to develop this method of theater. One of the early works called 'The Peasants' Story' was an important turning point for the Theater of the Oppressed, because it taught Boal and his fellow actors not to create plays that demanded actions and risks they themselves were not ready to take, 'I am never again going to do plays to incite people to do things I am not ready to do.' From here, with Forum Theater Boal began to encourage others to join to express themselves and create theater works, such as 'The Naked People Scene.' In this way, people understood their problems to be political and themselves as active participants in opposing their oppression.
=520  \\$aAugusto Boal was an innovative and influential Brazilian theatrical director, writer, pedagogue and politician. He is considered to be on of the most important creators of political theater since Brecht. Boal is the author of Theater of the Oppressed, Games for Actors and Non-Actors, Rainbow of Desire, Legislative Theater, among others. He was a Member of Parliament for Rio de Janeiro from 1993-1996. Boal is the founder of Theater of the Oppressed, a political theatrical form originally used in radical popular education movements, growing up alongside Paulo Freire's Pedagogy of the Oppressed. Theater of the Oppressed is a system of games and special techniques that aims at developing, in the oppressed citizens, the language of the theater, in order to help them fight against their oppressions and to transform the society that engenders those oppressions. The word Oppressed is used in the sense of s/he who has lost the right to express his/her wills and needs, and is reduced to the condition of obedient listener of a monologue. It must be used as an instrument of concrete social transformation, a tool of fighting against all forms class oppression, racism, sexism, and all kinds of discrimination.
=534  \\$pMedia source original unknown.
=540  \\$aThere are copyright restrictions on this collection. For more information, go to the online version of this video.
=600  10$aBoal, Augusto.
=600  10$aBoal, Augusto.$tTeatro del oprimido y otras poéticas políticas.
=600  10$aBoal, Augusto.$tMéthode Boal de théâtre et de thérapie.
=600  10$aBoal, Augusto.$tTeatro legislativo.
=650  \0$aTheater$xPolitical aspects.
=650  \0$aTheater$xPsychological aspects.
=650  \0$aTheater and society.
=600  10$aBoal, Augusto.
=653  \\$aPerformance and politics
=653  \\$aTheater of the Oppressed
=655  \7$aFilmed lectures.$2lcgft
=655  \7$aLecture.$2nyu-hidvl
=655  \7$aTheater of the Oppressed.$2nyu-hidvl
=700  1\$aBoal, Augusto,$espeaker.
=710  2\$aHemispheric Institute Digital Video Library.
=830  \0$aAugusto Boal collection.

