=LDR  04136ngm a2200457 i 4500
=001  006004823
=005  20180313093247.0
=006  m\\\\\\\\c\\\\\\\\
=007  cr\cna|||m|||a
=008  180223s1994\\\\mnu056\\\\\\\\s\\\vleng\d
=024  7\$aHI2015_012_01$2nyu-hidvl
=040  \\$aNNU$beng$cNNU
=041  0\$aeng
=043  \\$an-us---
=245  00$aRon Athey :$bfour scenes in a harsh life /$cRon Athey, creator.
=246  30$aFour scenes in a harsh life
=260  \\$c1994.
=300  \\$3viewing copy.$astreaming video (55 min., 23 sec.) :$bsd., col.
=490  1\$aFranklin Furnace: Performance and Politics Collection.
=500  \\$aTitle supplied by the Hemispheric Institute.
=546  \\$aIn English.
=500  \\$aPart of the Hemispheric Institute Digital Video Library.
=511  0\$aPerformers: Ron Athey, Divinity P. Fudge (Darryl Carlton), Julie Tolentino, and Pig Pen (Stosh Fila).
=518  \\$aFilmed in 1994 at the Walker Art Center, Minneapolis, Minnesota, USA.
=520  \\$aRon Athey’s Four Scenes in a Harsh Life (1994) confronts the sexual politics of religiosity. Expressed through ritualistic acts, Athey and his fellow performers, Divinity P. Fudge, Julie Tolentino, and Pig Pen, use the body as a site to queer religious iconography and to reconstitute a politic that affirms the queer body amid the AIDS crisis and culture wars in the United States. Heightened by national homophobia and conservative agendas, Athey, who is HIV-positive, was falsely accused by the Minneapolis Star and other media outlets for exposing the audience to AIDS-tainted blood, when in fact the blood central to the performance was from performer Divinity P. Fudge, who is HIV-negative. The polemic of blood in the performance ignited discrimination and censorship of Athey’s work across art venues and by the National Endowment for the Arts. Athey was also attacked by the religious right for employing a queer lens to examine religion, gender, and sexuality. Through the performance, Athey and company manifest a stigmata of the queer body that sparked national debates on censoring and exhibiting sexually explicit art. Following the mass censorship of Athey’s work in the the art world, video documentation of Four Scenes in a Harsh Life was broadcast online as part of Franklin Furnace’s “History of the Future” (1999) netcast on Pseudo Programs, Inc.’s The Performance Channel (www.channelp.com) [link now (2018) defunct].
=520  \\$aRon Athey is a London-based performance artist from Los Angeles. He has performed body and sound-based works since 1981, debuting with Premature Ejaculation (PE), a collaboration with Rozz Williams. In the height of the AIDS pandemic, Ron Athey and Company toured “The Torture Trilogy” (1992-1995) at art venues across the world. Athey began his solo career with “Solar Anus” (1998) and later with “Self Obliteration” (2007-2012), while simultaneously developing “Incorruptible Flesh” (1997-2008). He has collaborated with Lawrence Steger on “Incorruptible Flesh (In Progress)” (1996), Juliana Snapper on “The Judas Cradle” (2004), and Julie Tolentino on company works throughout the 90s and “The Sky Remains the Same” (2008-). A monograph of Athey’s work, Pleading in the Blood, edited by Dominic Johnson, was published by Intellect Ltd. in 2013. www.ronathey.com
=534  \\$pMedia source original:$e1 videocassette (VHS) : sd., col. ; 1/2 in. SP.$mT-60.
=540  \\$aThere are copyright restrictions on this collection. For more information, go to the online version of this video.
=600  10$aAthey, Ron.
=650  \0$aPerformance art.
=650  \0$aBody art.
=650  \0$aRitual in art.
=655  \7$aFilmed performances.$2lcgft
=655  \7$aPerformance.$2nyu-hidvl
=655  \7$aPerformance art.$2nyu-hidvl
=655  \7$aBody art.$2nyu-hidvl
=655  \7$aRitual performance.$2nyu-hidvl
=700  1\$aRon Athey,$ecreator,$eperformer.
=710  2\$aWalker Art Center,$ehost institution.
=710  2\$aHemispheric Institute Digital Video Library.
=830  \0$aFranklin Furnace: performance and politics collection.

