=LDR  04142ngm a2200457   4500
=001  004192584
=005  20151003203404.0
=006  m\\\\\\\\c\\\\\\\\
=007  cr\cna|||m|||a
=008  151003e19950428nyu034\\\\\\\\s\\\vleng\d
=024  7\$aHI2014_139_01$2nyu-hidvl
=040  \\$aNNU$beng$cNNU
=041  0\$aeng
=245  00$aMartha Wilson interview on performance art$h[videorecording].
=260  \\$c1995 Apr. 28.
=300  \\$3viewing copy.$astreaming video (33 min., 12 sec.) :$bsd., col.
=490  1\$aFranklin Furnace : performance and politics collection
=500  \\$aPart of the Hemispheric Institute Digital Video Library.
=500  \\$aTitle supplied by the Hemispheric Institute.
=511  0\$aMartha Wilson, interviewee.
=518  \\$aRecorded at the Franklin Furnace, New York, NY, USA, on April 28, 1995.
=520  \\$aFranklin Furnace Founding Director Martha Wilson discusses the political landscape of the arts organization in the context of the avant-garde and the culture wars in the United States. Wilson situates performance art as a confrontational form that emerged from Futurism, Constructivism, and Dadaism in the early 20th century. She describes the radical nature of performance art as a medium that transmits conceptual thinking through live actions, as evidenced by the work of Franklin Furnace artists Karen Finley, Annie Sprinkle, and Scarlet O. Wilson explains how the political subject matter embodied by these artists—feminism, pornography, and sexuality—impacted Franklin Furnace as an arts organization in the conservative climate of the culture wars. She notes the consistent attacks by religious right groups on Franklin Furnace that led to defunding from the National Endowment for the Arts, as the organization was accused of presenting obscene art with government funds. Despite the upheaval, Wilson, in true avant-garde fashion, insisted that ‘Until they cart me away in a straightjacket, I am going to continue to present performance art.’ While an advocate for government funding, Wilson is critical of the regulation of content in the arts—a phenomenon that did not manifest in other sectors of public funding at the time.
=520  \\$aMartha Wilson is a pioneering gallery director and feminist artist who creates innovative photographic and video works that explore her female subjectivity. Wilson founded Franklin Furnace in 1976, an artist-run space that champions the exploration, promotion, and preservation of artist books, temporary installation, performance art, as well as online works. She has been described by New York Times critic Holland Cotter as one of ‘the half-dozen most important people for art in downtown Manhattan in the 1970s.’ Wilson has received fellowships for performance art from the National Endowment for the Arts and the New York Foundation for the Arts; Bessie and Obie awards for commitment to artists’ freedom of expression; a Yoko Ono Lennon Courage Award for the Arts; a Richard Massey Foundation-White Box Arts and Humanities Award; and an Honorary Doctor of Fine Arts degree from the Nova Scotia College of Art and Design University. www.marthawilson.com
=534  \\$pMedia source original:$e1 videocassette (VHS) : sd., col. ; 1/2 in. SP.$mBlack box
=540  \\$aThere are copyright restrictions on this collection. For more information, go to the online version of this video.
=546  \\$aIn English.
=600  10$aWilson, Martha,$d1947-$vInterviews.
=610  20$aFranklin Furnace (Archive)$xHistory.
=650  \0$aAvant-garde (Aesthetics)$zUnited States.
=650  \0$aExperimental theater.
=650  \0$aFreedom of expression$zUnited States.
=650  \0$aFreedom of speech$zUnited States.
=650  \0$aArts$xCensorship
=650  \0$aCulture conflict.
=653  \0$aAvant-gardes in performance
=655  \7$aInterview$2nyu-hidvl
=700  1\$aWilson, Martha,$d1947-$4ive
=710  2\$aHemispheric Institute Digital Video Library.
=830  \0$aFranklin Furnace : performance and politics collection.
=852  \\$aNNU$bWEB$cGENI$mElectronic access
=856  40$uhttp://hdl.handle.net/2333.1/t4b8gwzs$9WEB

