=LDR  03566cgm a2200553 a 4500
=001  003888608
=005  20140421223808.0
=006  m\\\\\\\\c\\\\\\\\
=007  cr\cna|||m|||a
=008  131118e199602uucau012\\\\\\\\s\\\vlspa\d
=024  7\$aHI2010_085_01$2nyu-hidvl
=040  \\$aNNU$beng$cNNU
=041  0\$aspa$aeng
=245  04$aThe immaculate conception$h[videorecording] :$bTV interview /$cChannel 44 (San Francisco, CA) & Community News Show El Amanecer, producers.
=246  3\$aTV interview at 'El Amanecer' (Channel 44), San Francisco, California
=260  \\$c1996 Feb.
=300  \\$3viewing copy.$a1 streaming video (11 min., 18 sec.) :$bsd., col.
=490  1\$aLatina Theatre Lab collection
=546  \\$aIncludes Spanish and English.
=500  \\$aTitle supplied by Hemispheric Institute.
=500  \\$aPart of the Hemispheric Institute Digital Video Library.
=518  \\$aRecorded in San Francisco, California, in February 1996, as part of the television show 'El Amanecer' on Channel 44.
=511  1\$aIsabel Lucero, interviewer ; Wilma Bonet, Tessa Koning-Martinez, Dena Martinez, interviewees.
=520  \\$aCo-Madres (co-founders) talk about the creation of Latina Theatre Lab and the creative process of producing original work with 'El Amanecer' host, Isabel Lucero. An excerpt of 'The Miracle,' from The Immaculate Conception, is part of this video. Latina Theatre Lab was one of the first and only all-Latina collective of writers, performers, and directors in the U.S. Their performance-sketch work dealt with pop culture, immigration, cross-cultural identities, and the complexities of 'being Latina.' It was founded in 1994 by four San Francisco Bay Area actresses known as the 'comadres': Dena Martinez, Jaime Lujan, Tessa Koning-Martinez and Wilma Bonet. Their purpose was to create theater that would go beyond the ever shrinking and limited range of roles for which Latina actresses were being considered. These roles were scarce, and rarely defied stereotypes. From 1994-1999, Latina Theatre Lab's work played with these cultural and gender stereotypes, exploring the legacies they inherited both as Latinas and as women. They also have collaborated with fellow comedy troupes in California, such as Culture Clash, the Asian American Theater Company, and the 18 Mighty Mountain Warriors.
=534  \\$pMedia source original:$e1 videocassette of 1 (VHS) : sd., col. ; 1/2 in. SP.$mPolaroid.
=540  \\$aThere are copyright restrictions on this collection. For more information, go to the online version of this video.
=600  10$aBonet, Wilma$vInterviews.
=600  10$aKoning-Martinez, Tessa$vInterviews.
=600  10$aMartinez, Dena$vInterviews.
=610  20$aLatina Theatre Lab.
=650  \0$aIdentity politics.
=650  \0$aGender identity.
=650  \0$aHispanic American women$xEthnic identity.
=650  \0$aSexism.
=650  \0$aStereotypes (Social psychology)
=650  \0$aCultural awareness.
=650  \0$aHispanic American women artists.
=653  \\$aLatina artists.
=655  \7$aInterview.$2nyu-hidvl
=700  1\$aBonet, Wilma.$4ive
=700  1\$aKoning-Martinez, Tessa.$4ive
=700  1\$aMartinez, Dena.$4ive
=700  1\$aLucero, Isabel.$4ivr
=710  2\$aChannel 44 (Television station : San Francisco, Calif.)$4pro
=710  2\$aHemispheric Institute Digital Video Library.
=730  3\$aEl Amanecer (Television program)
=830  \0$aLatina Theatre Lab collection.
=852  \\$aNNU$bWEB$cGENI$mElectronic access
=856  40$uhttp://hdl.handle.net/2333.1/cvdncmjf$9WEB

