=LDR  03960cgm a2200529 a 4500
=001  003674236
=005  20121026192359.0
=006  m\\\\\\\\z\\\\\\\\
=007  vd\cvaizu
=007  cr\cna|||m|||a
=008  121010e199610uupr\008\\\\\\\\\\\\vlspa\d
=024  7\$aHI2010_078_01$2nyu-hidvl
=040  \\$aNNU$beng$cNNU
=041  0\$aspa$aeng
=043  \\$anwpr---
=245  02$aA alboroto limpio.$pMiss Puerto Rico, o La isla que se repite$h[videorecording] /$cNelson Rivera, director ; Viveca Vázquez, choreographer.
=246  30$aMiss Puerto Rico
=246  3\$aIsla que se repite
=260  \\$c1996 Oct.
=300  \\$3viewing copy.$a1 videodisc of 1 (DVD) (7 min., 7 sec.) :$bsd., col. ;$c4 3/4 in.
=490  1\$aViveca Vázquez collection
=530  \\$aAlso available online as streaming video.
=546  \\$aIncludes Spanish and English.
=500  \\$aTitle supplied by Hemispheric Institute.
=500  \\$aPart of the Hemispheric Institute Digital Video Library.
=534  \\$pMedia source original:$e1 videocassette of 1 (Mini DV) : sd., col. ; 1/4 in. SP.$mPanasonic DVM60.
=518  \\$aPerformed in October 1996.
=511  1\$aViveca Vázquez, performer.
=520  \\$aVideo documentation of Puerto Rican experimental dance performance ‘Miss Puerto Rico o La isla que se repite,’ choreographed by Viveca Vázquez as a part of ‘A alboroto limpio,’ a project organized and directed by Nelson Rivera, which also included dance pieces by Oscar Mestey and Awilda Sterling. Viveca Vázquez is a choreographer, dancer, and a professor of humanities and contemporary dance for actors at the University of Puerto Rico. She presented her first work with Pisotón, the first experimental dance group of Puerto Rico and, shortly after, Taller de Otra Cosa, of which she became the first director. Through the company she presented her choreographic work and produced events such as ‘Rompeforma’ a key festival in the development of the experimental dance and performance scene in Puerto Rico, which was co-produced with Puerto Rican choreographer based in the U.S. Merian Soto. Since 1984 she has produced and performed experimental dance works in the United States, Mexico, Venezuela and Argentina, among a great number of other places. As a teacher she has developed a pedagogical model based on body conscience and improvisation. ‘Miss Puerto Rico o la isla que se repite’ is a contemporary experimental dance and performance that dialogues with the cultural climate in Puerto Rico. Vázquez reflects upon the figure of Miss Puerto Rico performing in bath clothes and a ‘crown’ with the shape of the island. The logic of beauty contests is questioned by the contrast between ‘graceful’ movements and a struggling body, which is a tool and an obstacle at the same time. The political implications of this dance performance suggest a major role of the citizens in Puerto Rico’s sovereignty: how is ‘the island,’ as a geographical body, related to the physical body, and the political body?
=540  \\$aThere are copyright restrictions on this collection. For more information, go to the online version of this video.
=650  \0$aDance$xPolitical aspects$zPuerto Rico.
=650  \0$aPerformance art$xPolitical aspects$zPuerto Rico.
=650  \0$aModern dance$zPuerto Rico.
=650  \0$aArts$xExperimental methods$zPuerto Rico.
=651  \0$aPuerto Rico$xPolitics and government$vDrama.
=653  \\$aBody politics
=655  \7$aPerformance.$2nyu-hidvl
=655  \7$aDance.$2nyu-hidvl
=655  \7$aContemporary dance.$2nyu-hidvl
=655  \7$aExperimental dance.$2nyu-hidvl
=700  1\$aRivera, Nelson.$4drt
=700  1\$aVázquez, Viveca.$4chr$4prf
=710  2\$aHemispheric Institute Digital Video Library.
=830  \0$aViveca Vázquez collection.
=856  40$uhttp://hdl.handle.net/2333.1/3j9kd6dp$9WEB
=852  \\$aNNU$bWEB$cGENI$mElectronic access
=852  4\$aNNU$bBAFC$cAFC$jDVD 29530

