=LDR  03766cgm a2200421 a 4500
=001  003807590
=005  20140421221926.0
=006  m\\\\\\\\c\\\\\\\\
=007  cr\cna|||m|||a
=008  130822e19970822mau085\\\\\\\\s\\\vlmul\d
=024  7\$aHI2012_037_01$2nyu-hidvl
=040  \\$aNNU$beng$cNNU
=041  0\$amul
=245  00$aLooking in/to the future (workshop final presentation)$h[videorecording] /$cNew WORLD Theater, producer.
=260  \\$c1997 Aug. 22.
=300  \\$3viewing copy.$astreaming video (85 min.) :$bsd., col.
=490  1\$aNew WORLD Theater collection
=546  \\$aIncludes multiple languages.
=500  \\$aTitle supplied by Hemispheric Institute.
=500  \\$aPart of the Hemispheric Institute Digital Video Library.
=518  \\$aPerformed in Amherst, Massachusetts, on August 22, 1997.
=511  1\$aYoung people in the Khmer, Vietnamese, Latina/o, and African-American communities surrounding Amherst, Massachusetts, performers.
=520  \\$aIn ‘Looking In/To The Future,’ the New WORLD Theater worked with young people in the Khmer, Vietnamese, Latina/o, and African-American communities surrounding Amherst, Massachusetts to help them define their cultural identities through writing and theatre activities. In this workshop final presentation, a group of young performers discuss their social, cultural, and class backgrounds. Speaking in their many languages, we get a glimpse into the characters’ lives in a school setting, expressing their parents’ expectations for their future, and their cultural legacy of the past. They also engage with games, and while performing their ‘animal personalities,’ they reflect upon their land, nature, and village. By the end of the play, the young performers come out on stage and collectively state the message ‘Were going to a place where we can make a new world.’ This video documentation features a brief Q&A with the performers.
=520  \\$aFrom 1979-2009, the New WORLD Theater worked at the intersection of artistic practice, community engagement, scholarship, and activism toward a vision of a ‘new world’ - one that broke the confines of multiculturalism and was an artistic harbinger of America’s shifting demographics. From a geographic ‘outpost’ in New England, New WORLD Theater evolved from a community organizing project and the Northeast point on a theater touring compass, to a protective studio to hone new work, a site of international intersections from South Africa to the South Bronx, and the home of inspired and rigorous collaborations with Western Massachusetts youth. New performance work development at New WORLD defied the conventional theater play lab as ghetto for artists of color; artists were met where they wanted to be in the imagining of new approaches, methods, and production. One of New WORLD Theater’s artistic legacies is Project 2050, an early call to imagine the U.S. demographic shift, with people of the future - youth, in equal collaboration with artists and scholars.
=534  \\$pMedia source original:$e1 videocassette of 1 (VHS) : sd., col. ; 1/2 in. SP.$mMaxell P/l Plus
=540  \\$aThere are copyright restrictions on this collection. For more information, go to the online version of this video.
=650  \0$aYouth$xEthnic identity.
=650  \0$aYouth$xAttitudes
=650  \0$aYouth$vCross-cultural studies.
=650  \0$aYouth in development.
=650  \0$aMulticulturalism.
=650  \0$aIdentity politics.
=655  \7$aPerformance.$2nyu-hidvl
=710  2\$aNew WORLD Theater.$4pro
=710  2\$aHemispheric Institute Digital Video Library.
=830  \0$aNew WORLD Theater collection.
=852  \\$aNNU$bWEB$cGENI$mElectronic access
=856  40$uhttp://hdl.handle.net/2333.1/kh1894sr$9WEB

