=LDR  03760ngm a2200469   4500
=001  005887787
=005  20180313154301.0
=006  m\\\\\\\\c\\\\\\\\
=007  cr\cna|||m|||a
=008  171020e20001007nyu111\\\\\\\\s\\\vleng\d
=024  7\$aHI2014_122_01$2nyu-hidvl
=040  \\$aNNU$beng$cNNU
=041  0\$aeng
=245  00$aLecture/demonstration at Martin Luther King Center /$cAugusto Boal, speaker ; Bill Johnson, event organizer.
=260  \\$c2000.
=300  \\$3viewing copy.$astreaming video (110 min., 7 sec.) :$bsd., col.
=490  1\$aAugusto Boal collection
=546  \\$aIn English.
=500  \\$aTitle supplied by the Hemispheric Institute.
=500  \\$aPart of the Hemispheric Institute Digital Video Library.
=511  0\$aAgusto Boal, speaker.
=518  \\$aRecorded at the Martin Luther King Center, New York, USA, Oct. 7, 2000.
=520  \\$aIn this Lecture at the Martin Luther King Center in 2000, Augusto Boal gives an overview of the trajectory of the Theatre of the Oppressed techniques from ‘Newspaper Theatre’ to the ‘Rainbow of Desire’. During this lecture, Boal also gives some hands-on activities leading a few Forum Theatre exercises and several general exercises that can be found in his book Theatre of the Oppressed: Games for Actors and Non-Actors.
=520  \\$aAugusto Boal was a theatre director, scholar, teacher; political representative and statesman in Rio de Janeiro, Brazil; international speaker and the creator of the Theatre of the Oppressed. Born in 1931 in Rio de Janeiro, Augusto Boal was formally trained in chemical engineering and attended Columbia University in the late 1940s and early 1950s. In 1962 he was invited to work with Arena Theatre in Sao Paulo, Brazil where he stayed until 1971 when he was arrested, tortured, and exiled. His years directing and writing plays for Arena Theatre helped him to start slowly developing his own methodology, which continued in Argentina, Peru, Ecuador, Portugal, and Paris, following his exile from Brazil. That methodology would later culminate in the Theatre of the Oppressed.
=520  \\$aThe Theatre of the Oppressed is a participatory theatre that fosters democratic and cooperative forms of interaction among participants. It is a ‘rehearsal theatre’ practiced by ‘spect-actors’ (not spectators) who have the opportunity to both act and observe empowering processes of dialogue and critical thinking. In the Theatre of the Oppressed, the theatrical act is experienced as a conscious intervention, as a rehearsal for social action rooted in a collective analysis of shared problems. The methodology can be divided into several techniques used by Augusto Boal: Image Theatre, Newspaper Theatre, Invisible Theatre, Forum Theatre, Rainbow of Desire, and Legislative Theatre.
=534  \\$pMedia source original:$e1 videocassette (VHS) ; dimensions: 1/2 in. SP;$mSony Premium T-120.
=540  \\$aThere are copyright restrictions on this collection. For more information, go to the online version of this video.
=600  10$aBoal, Augusto.$tTeatro del oprimido y otras poéticas políticas.
=600  10$aBoal, Augusto.$tMéthode Boal de théâtre et de thérapie.
=600  10$aBoal, Augusto.$tTeatro legislativo.
=650  \0$aTheater$xPolitical aspects.
=650  \0$aTheater and society.
=653  \\$aPerformance and politics
=655  \7$aWorkshop.$2nyu-hidvl
=655  \7$aFilmed lectures.$2lcgft
=655  \7$aCommunity theater.$2nyu-hidvl
=655  \7$aPopular theater.$2nyu-hidvl
=655  \7$aTheater of the Oppressed.$2nyu-hidvl
=700  1\$aBoal, Augusto,$espeaker.
=700  1\$aJohnson, Bill,$eorganizer.
=710  2\$aHemispheric Institute Digital Video Library.
=830  \0$aAugusto Boal collection.

