=LDR  03135cgm a2200445 a 4500
=001  003745853
=005  20140421211140.0
=006  m\\\\\\\\z\\\\\\\\
=007  vd\cvaizu
=007  cr\cna|||m|||a
=008  130502s2000\\\\mx\031\\\\\\\\\\\\vlspa\d
=024  7\$aHI2011_035_02$2nyu-hidvl
=040  \\$aNNU$beng$cNNU
=041  0\$aspa
=043  \\$an-mx---
=245  00$aAstrid Hadad en concierto$h[videorecording] /$cAstrid Hadad, creator.
=260  \\$c2000.
=300  \\$3viewing copy.$a1 videodisc of 1 (DVD) (30 min., 22 sec.) :$bsd., col. ;$c4 3/4 in.
=490  1\$aAstrid Hadad collection
=546  \\$aIn Spanish.
=500  \\$aTitle supplied by Hemispheric Institute.
=500  \\$aPart of the Hemispheric Institute Digital Video Library.
=518  \\$aPerformed in Mexico in 2000.
=511  1\$aAstrid Hadad, protagonist.
=520  \\$aIn this video documentation, Astrid Hadad develops a musical arrangement regarding violence against women. Although her songs come from Mexican tradition and clearly refer to Mexican women, Hadad’s comments during the show suggests that gendered violence is endemic, and that is suffered not only by Latin American women, but by women all around the world. Dressed as ‘Adelita,’ iconic female figure of the Mexican Revolution, Hadad claims a stronger position for women in society. Female sexuality is at the center of her songs, looking for a liberation of women’s bodies – playing with Emiliano Zapata’s words, she says that ‘the orgasm belongs to those who work for it.’
=520  \\$aAstrid Hadad is a vocalist and performance artist from Mexico. Her work as a solo performance artist took off in 1995 with her show ‘Heavy Nopal.’ The term ‘heavy nopal’ refers to the Mexican cactus distilled to make tequila and is how Hadad describes her style of performance. Her shows follow the format of a cabaret, in which Hadad dazzles her audience with stunning vocals and elaborated costumes. She appropriates iconic images in Mexican culture, straps them to her body, and walks onstage to reconfigure their meanings. Through her voice and her body, Hadad challenges to her audience to adopt her system of cultural processing. Most of her work challenges cultural norms pertaining to gender roles in Mexican society. She also addresses issues of US neo imperialism. Hadad writes, produces, and promotes her own work.
=530  \\$aAlso available online as streaming video.
=534  \\$pMedia source original:$e1 videocassette of 1 (Mini DV) : sd., col. ; 1/4 in. SP.$mPanasonic DVM60
=540  \\$aThere are copyright restrictions on this collection. For more information, go to the online version of this video.
=650  \0$aPerformance art$xPolitical aspects$zMexico.
=651  \0$aMexico$xIntellectual life.
=653  \\$aCabaret
=655  \7$aPerformance.$2nyu-hidvl
=655  \7$aTheater.$2nyu-hidvl
=655  \7$aCabaret.$2nyu-hidvl
=655  \7$aHeavy Nopal.$2nyu-hidvl
=700  1\$aHadad, Astrid.$4cre$4prf
=710  2\$aHemispheric Institute Digital Video Library.
=830  \0$aAstrid Hadad collection.
=852  4\$aNNU$bBAFC$cAFC$jDVD

