=LDR  03772cgm a2200541 a 4500
=001  003748072
=005  20140421212239.0
=006  m\\\\\\\\z\\\\\\\\
=007  vd\cvaizu
=007  cr\cna|||m|||a
=008  130507e20000418ck\104\\\\\\\\\\\\vlspa\d
=024  7\$aHI2011_043_01$2nyu-hidvl
=024  7\$aHI2011_044_01$2nyu-hidvl
=040  \\$aNNU$beng$cNNU
=041  0\$aspa
=043  \\$acl-----$an-mx---
=245  03$aLa bien pagada$h[videorecording] /$cAstrid Hadad, creator.
=260  \\$c2000 April 18.
=300  \\$3viewing copy.$a2 videodiscs of 2 (DVD) (103 min., 59 sec.: pt.1, 59 min., 47 sec.; pt.2, 44 min., 12 sec.) :$bsd., col. ;$c4 3/4 in.
=490  1\$aAstrid Hadad collection
=546  \\$aIn Spanish.
=500  \\$aTitle supplied by Hemispheric Institute.
=500  \\$aPart of the Hemispheric Institute Digital Video Library.
=518  \\$aPerformed at the Community Center of La Victoria on April 18, 2000, as the "4a función" of the the VII Festival de Teatro de Bogotá, Colombia.
=511  1\$aAstrid Hadad, protagonist ; Los Tarzanes, musicians.
=520  \\$aThis video documentation of Astrid Hadad’s performance ‘La bien pagada,’ performed at the Community Center of La Victoria, as part of the VII Theater Festival of Bogota in 2000, offers an initial footage of the audience before entering to see the show, to grasp an idea of the importance and magnitude of this event. A mobile camera allows a perspective similar to the attendants to the show, where Hadad’s voice and presence are at the heart of the stage. In this performance, Hadad critiques the violence against women, and speaks about the similarities between Mexico and Colombia, advocating for a broader, Latin American understanding of female sexuality.
=520  \\$aAstrid Hadad is a vocalist and performance artist from Mexico. Her work as a solo performance artist took off in 1995 with her show ‘Heavy Nopal.’ The term ‘heavy nopal’ refers to the Mexican cactus distilled to make tequila and is how Hadad describes her style of performance. Her shows follow the format of a cabaret, in which Hadad dazzles her audience with stunning vocals and elaborated costumes. She appropriates iconic images in Mexican culture, straps them to her body, and walks onstage to reconfigure their meanings. Through her voice and her body, Hadad challenges to her audience to adopt her system of cultural processing. Most of her work challenges cultural norms pertaining to gender roles in Mexican society. She also addresses issues of US neo imperialism. Hadad writes, produces, and promotes her own work.
=530  \\$aAlso available online as streaming video.
=534  \\$pMedia source original:$e2 videocassettes of 2 (Mini DV) : sd., col. ; 1/4 in. SP.$mPanasonic DVM60
=540  \\$aThere are copyright restrictions on this collection. For more information, go to the online version of this video.
=650  \0$aWomen$zLatin America$xSocial conditions.
=650  \0$aFeminism$xPolitical aspects$zLatin America.
=650  \0$aSex discrimination against women$zLatin America.
=650  \0$aWomen$xViolence against$zLatin America.
=650  \0$aWomen singers$zMexico.
=651  \0$aMexico$xIntellectual life.
=653  \\$aCabaret
=655  \7$aPerformance.$2nyu-hidvl
=655  \7$aTheater.$2nyu-hidvl
=655  \7$aCabaret.$2nyu-hidvl
=655  \7$aHeavy Nopal.$2nyu-hidvl
=700  1\$aHadad, Astrid.$4cre$4prf
=710  2\$aHemispheric Institute Digital Video Library.
=711  2\$aFestival Iberamericano de Teatro$n(7th :$d2000 :$cBogotá, Colombia)
=830  \0$aAstrid Hadad collection.
=852  \\$aNNU$bWEB$cGENI$mElectronic access
=856  40$uhttp://hdl.handle.net/2333.1/vhhmgt70$9WEB
=852  4\$aNNU$bBAFC$cAFC$jDVD 29508

