=LDR  04745cgm a2200565 a 4500
=001  003961736
=005  20140421225027.0
=006  m\\\\\\\\c\\\\\\\\
=007  cr\cna|||m|||a
=008  140307s2000\\\\mau005\\\\\\\\s\\\vleng\d
=024  7\$aHI2013_009_02$2nyu-hidvl
=040  \\$aNNU$beng$cNNU
=041  0\$aeng
=245  00$aProject 2050$h[videorecording] :$bUmoja /$cMillicent Johnnie and Metta Dael, creators ; Yiannis Astor, David Ortiz, Hao Pham, Jessica Robles, Steven Sapp, Mildred Ruiz, Roberta Uno, collaborators ; New WORLD Theater, producer.
=246  31$aUmoja
=260  \\$c2000.
=300  \\$3viewing copy.$astreaming video (4 min., 55 sec.) :$bsd., col.
=490  1\$aNew WORLD Theater collection
=546  \\$aIn English.
=500  \\$aTitle supplied by Hemispheric Institute.
=500  \\$aPart of the Hemispheric Institute Digital Video Library.
=518  \\$aPerformed at the University of Massachusetts in Amherst, Massachusetts, in 2000.
=511  1\$aKeith Bailey, Tiffany Cambell, Cristina Delgado, Damaris Delgado, MJ Donoghue, Jamille Hazard, Aisha Jordan, Hao Pham, Andre McPherson, Nuk Thann, Mikiko Thelwell, performers.
=520  \\$aFrom 1979-2009, the New WORLD Theater worked at the intersection of artistic practice, community engagement, scholarship, and activism toward a vision of a 'new world' - one that broke the confines of multiculturalism and was an artistic harbinger of America's shifting demographics. From a geographic 'outpost' in New England, New WORLD Theater evolved from a community organizing project and the Northeast point on a theater touring compass, to a protective studio to hone new work, a site of international intersections from South Africa to the South Bronx, and the home of inspired and rigorous collaborations with Western Massachusetts youth. New performance work development at New WORLD defied the conventional theater play lab as ghetto for artists of color; artists were met where they wanted to be in the imagining of new approaches, methods, and production. One of New WORLD Theater’s artistic legacies is Project 2050, a multi-year youth arts initiative built on the demographic projection that people of color would become the majority in the United States by 2050. The program brought together professional artists, youth communities from Massachusetts, scholars, and community activists to engage civic dialogue and create original performances based on themes that addressed young performers' dreams and concerns. Performances were created from workshops that included playwriting, poetry, breakdancing, drumming, beatboxing, lyricism, singing, songwriting, stepping, and visual art.
=520  \\$aIn 'Umoja,' young members from Project 2050 perform monologues exploring social issues ranging from immigration to women’s liberation. The use of different languages bring together their roots and their future, placing them in-between tradition and futurity. Diverse stories travel from individualities to the history of entire communities: One young performer reflects on her experience as a Vietnamese immigrant pursuing the 'American Dream.' Another young performer discusses his inter-racial identity from a Colombian perspective. Another young performer states her views about feminism from a 'dark girl's perspective.' Among all these different struggles and dreams, there are points of contact and similarities that set the ground for a better future. Thus, the performance ends with the performers collectively dancing and chanting harmoniously in their diversity.
=534  \\$pMedia source original:$e1 videocassette of 1 (VHS) : sd., col. ; 1/2 in. SP.$mMaxell P/l Plus T-120
=540  \\$aThere are copyright restrictions on this collection. For more information, go to the online version of this video.
=650  \0$aPerforming arts and youth.
=650  \0$aSocial justice.
=650  \0$aYouth$xPolitical activity
=650  \0$aImmigrant youth$xEthnic identity.
=650  \0$aCultural pluralism.
=655  \7$aPerformance.$2nyu-hidvl
=655  \7$aTheater.$2nyu-hidvl
=655  \7$aSpoken word.$2nyu-hidvl
=655  \7$aDance.$2nyu-hidvl
=700  1\$aJohnnie, Millicent M.$4cre
=700  1\$aDael, Metta.$4cre
=700  1\$aAstor, Yiannis.$4ctb
=700  1\$aOrtiz, David$c(Performer)$4ctb
=700  1\$aPham, Hao.$4ctb
=700  1\$aRobles, Jessica.$4ctb
=700  1\$aSapp, Steven.$4ctb
=700  1\$aRuiz, Mildred.$4ctb
=700  1\$aUno, Roberta,$d1956-$4ctb
=710  2\$aNew WORLD Theater.$4pro
=710  2\$aHemispheric Institute Digital Video Library.
=830  \0$aNew WORLD Theater collection.
=852  \\$aNNU$bWEB$cGENI$mElectronic access
=856  40$uhttp://hdl.handle.net/2333.1/g79cnrq9$9WEB

