=LDR  00753npcaa22002057u 4500
=001  003687789
=005  20121205195750.0
=008  121205i20002007xx\\\\\\\\\\\\\\\\\\eng\d
=024  7\$a(NyNyUA)RG 37_45$2nnu-at
=035  \\$a(NyNyUA)323-20121128
=040  \\$aNyNyUA$beng$cNyNyUA$edacs
=041  0\$aeng
=079  \\$a(OCoLC)820924950
=099  \\$aRG 37.45
=245  00$aRecords of the Hemispheric Institute Digital Video Library,$f2000-2007.
=300  \\$a53.0$flinear feet.
=506  \\$aNot available for access. Accessible copies cataloged separately.
=520  \\$aCollection includes the preservation digital Betacam tapes of the HIDVL materials from 2000-2007.
=710  2\$aHemispheric Institute Digital Video Library.
=852  4\$aBARCH$bBARCH$cMAIN$jRG 37.45

