=LDR  02984ngm a2200421   4500
=001  004163118
=005  20151201105428.0
=006  m\\\\\\\\c\\\\\\\\
=007  cr\cna|||m|||a
=008  150728e20001125pau064\\\\\\\\s\\\vleng\d
=024  7\$aHI2013_059_01$2nyu-hidvl
=040  \\$aNNU$beng$cNNU
=041  0\$aeng$aspa
=245  00$aOff the wall$h[videorecording] :$bUNIVERSES at The Warhol Museum /$cUniverses, creator.
=260  \\$c2000 Nov. 25.
=300  \\$3viewing copy.$astreaming video (63 min., 10 sec.) :$bsd., col.
=490  1\$aUNIVERSES Collection.
=546  \\$aIn English and Spanish.
=500  \\$aPart of the Hemispheric Institute Digital Video Library.
=500  \\$aTitle supplied by the Hemispheric Institute.
=511  1\$aMildred Ruiz, Steven Sapp, Gamal Abdel Chasten, Flaco Navaja, Lemon Andersen, performers.
=518  \\$aPerformed at The Warhol Museum, Pittsburgh, PA, USA on November 25, 2000.
=520  \\$aUniverses performs a piece at the Andy Warhol Museum as part of Off the Wall, a contemporary performance series held at the museum. A different setting from a theater, the museum space invites a more intimate performance, with minimal stage design, and bare white lighting. The ensemble performs excerpts of work-in-progress pieces, particularly ‘Slanguage,’ a comment on the issues of poverty, family, drugs, racism, and street violence, yet finding hope in the contemporary urban landscape, and believing in the power of language to create social change through collective words, stories, and narratives.
=520  \\$aUniverses is a New York-based poetic theatre ensemble company of multi-disciplinary writers and performers who fuse poetry, theater, jazz, hip-hop, politics, down home blues, and Hispanic boleros to create moving, challenging and entertaining theatrical works. The group breaks traditional theatrical bounds to explore new ways of making theater. Founded in New York in 1996, the members of Universes came together in the urban poetry scene of the late 1990s. Through sessions at the New York Theatre Workshop and residencies with New WORLD Theater, their work is now internationally acclaimed. They have performed at venues throughout the United States and toured extensively world-wide.
=534  \\$pMedia source original:$e1 videocassette (VHS) : sd., col. ; 1/2 in. SP.$mG050A51D T-120 STD.
=540  \\$aThere are copyright restrictions on this collection. For more information, go to the online version of this video.
=650  \0$aTheater$xPolitical aspects.
=650  \0$aJazz$xPolitical aspects.
=650  \0$aHip-hop.
=650  \0$aMulticulturalism.
=650  \0$aMultilingualism.
=650  \0$aSocial change.
=655  \7$aPerformance.$2nyu-hidvl
=710  2\$aUniverses (Performance group)$4cre
=710  2\$aHemispheric Institute Digital Video Library.
=830  \0$aUNIVERSES Collection.
=852  \\$aNNU$bWEB$cGENI$mElectronic access
=856  40$uhttp://hdl.handle.net/2333.1/6t1g1n6f$9WEB

