=LDR  03313cgm a2200517 a 4500
=001  003745836
=005  20140421211055.0
=006  m\\\\\\\\z\\\\\\\\
=007  vd\cvaizu
=007  cr\cna|||m|||a
=008  130502s2001\\\\mx\108\\\\\\\\\\\\vlspa\d
=024  7\$aHI2011_037_01$2nyu-hidvl
=024  7\$aHI2011_038_01$2nyu-hidvl
=040  \\$aNNU$beng$cNNU
=041  0\$aspa
=043  \\$an-mx---
=245  00$aAmores pelos$h[videorecording] /$cAstrid Hadad, creator.
=260  \\$c2001.
=300  \\$3viewing copy.$a2 videodiscs of 2 (DVD) (107 min., 52 sec.: pt.1, 60 min., 58 sec.; pt.2, 46 min., 54 sec.) :$bsd., col. ;$c4 3/4 in.
=490  1\$aAstrid Hadad collection
=546  \\$aIn Spanish.
=500  \\$aTitle supplied by Hemispheric Institute.
=500  \\$aPart of the Hemispheric Institute Digital Video Library.
=518  \\$aPerformed in Mexico City, Mexico, in 2001.
=511  1\$aAstrid Hadad, protagonist ; Los Tarzanes, Omar Ortíz, Leonel López, Sibila de Villa, and Marco Antonio Manrique, musicians.
=520  \\$aIn this video documentation of Astrid Hadad 's performance 'Amores Pelos', costumed in her signature wearable art, Hadad blends popular songs and ranchero, son and bolero music and political satire with highly theatrical precision to create a genre of music she calls 'Heavy Nopal'. Her work takes on the stereotypes of Mexican culture and reframes them to comment on the forms of machismo in a variety of local and global contexts.
=520  \\$aAstrid Hadad is a vocalist and performance artist from Mexico. Her work as a solo performance artist took off in 1995 with her show ‘Heavy Nopal.’ The term ‘heavy nopal’ refers to the Mexican cactus distilled to make tequila and is how Hadad describes her style of performance. Her shows follow the format of a cabaret, in which Hadad dazzles her audience with stunning vocals and elaborated costumes. She appropriates iconic images in Mexican culture, straps them to her body, and walks onstage to reconfigure their meanings. Through her voice and her body, Hadad challenges to her audience to adopt her system of cultural processing. Most of her work challenges cultural norms pertaining to gender roles in Mexican society. She also addresses issues of US neo imperialism. Hadad writes, produces, and promotes her own work.
=530  \\$aAlso available online as streaming video.
=534  \\$pMedia source original:$e2 videocassettes of 2 (Mini DV) : sd., col. ; 1/4 in. SP.$mPanasonic DVM60
=540  \\$aThere are copyright restrictions on this collection. For more information, go to the online version of this video.
=650  \0$aPolitics, Practical$zMexico.
=650  \0$aTheater$zMexico.
=650  \0$aPerformance art$xPolitical aspects$zMexico.
=651  \0$aMexico$xIntellectual life.
=653  \\$aCabaret
=655  \7$aPerformance.$2nyu-hidvl
=655  \7$aTheater.$2nyu-hidvl
=655  \7$aCabaret.$2nyu-hidvl
=655  \7$aPolitical performance.$2nyu-hidvl
=655  \7$aHeavy Nopal.$2nyu-hidvl
=700  1\$aHadad, Astrid.$4cre$4prf
=710  2\$aHemispheric Institute Digital Video Library.
=830  \0$aAstrid Hadad collection.
=852  \\$aNNU$bWEB$cGENI$mElectronic access
=856  40$uhttp://hdl.handle.net/2333.1/qrfj6sqn$9WEB
=852  4\$aNNU$bBAFC$cAFC$jDVD 29505

