=LDR  03959ngm a2200445   4500
=001  004094012
=005  20180627104524.0
=006  m\\\\\\\\c\\\\\\\\
=007  cr\cna|||m|||a
=008  150118s2001\\\\mx\039\\\\\\\\s\\\vlspa\d
=024  7\$aHI2013_055_01$2nyu-hidvl
=040  \\$aNNU$beng$cNNU
=041  0\$aspa$aeng
=043  \\$an-us-ny$anwcu---$an-us---
=245  00$aInterview with Carmelita Tropicana /$cHemispheric Institute of Performance and Politics, producer.
=260  \\$c2001.
=300  \\$3viewing copy.$astreaming video (38 min., 3 sec.) :$bsd., col.
=500  \\$aTitle supplied by the Hemispheric Institute.
=546  \\$aIn Spanish and English.
=500  \\$aPart of the Hemispheric Institute Digital Video Library.
=518  \\$aRecorded in Monterrey, Mexico in 2001, as part of the Second Annual Hemispheric Institute Seminar entitled Memory, Atrocity and Resistance.
=520  \\$aThis video features documentation of an interview with Alina Troyano/Carmelita Tropicana at the Second Hemispheric Institute Encuentro, "Memory, Atrocity and Resistance", in Monterrey, Mexico from June 14-23, 2001. With a great dose of humor, Carmelita begins the interview by giving a brief introduction of herself and her relationship with the Hemispheric Institute Encuentro. She discusses her roots in Havana, Cuba and her experiences of migrating to the United States. She also remembers the legendary night of performance surrounding identity politics at New Museum, The Studio Museum, and The Museum of Hispanic Arts (performers included Guillermo Gomez-Peña, David Wojnarowicz, and James Luna amongst others). It was this evening of performance as part of ‘The Decade Show: Frameworks of Identity in the 1980s’ that changed Carmelita's writing into a different personal tone and multi-dimensional style, referencing ‘Milk of Amnesia’ at PS122 as an example of such writing.
=520  \\$aAlina Troyano (a.k.a.Carmelita Tropicana) is a Cuban-born performance artist, playwright, and actor who has presented work internationally, from el Museo del Barrio in NYC to Hebbel am Ufer in Berlin. Her book, ‘I, Carmelita Tropicana: Performing Between Cultures’ includes plays, monologues, performance art pieces, and short stories. In Tropicana’s work humor and fantasy become subversive tools to rewrite history. Tropicana’s performances plays and videos have been presented at venues such as the Institute of Contemporary Art in London, Hebbel Am Ufer in Berlin, Centre de Cultura Contemporanea in Barcelona, the Berlin International Film Festival, the New Museum of Contemporary Art in New York, the Mark Taper Forum’s Kirk Douglas Theater in Los Angeles, and El Museo del Barrio in New York. She has received numerous awards including the prestigious Anonymous Was a Woman and fellowships from the New York Foundation for the Arts as well as an Obie for Sustained Excellence in Performance.
=534  \\$pMedia source original:$e1 videocassette (Mini DV) : sd., col. ; 1/4 in. SP.$mSony Premium DVM60-ME
=540  \\$aThere are copyright restrictions on this collection. For more information, go to the online version of this video.
=600  10$aTropicana, Carmelita$vInterviews.
=600  10$aTroyano, Alina.
=650  \0$aWomen in the performing arts.
=650  \0$aPerformance art$zNew York (State)$zNew York.
=650  \0$aMulticulturalism.
=650  \0$aEmigration and immigration$xPolitical aspects.
=651  \0$aCuba$xEmigration and immigration.
=651  \0$aUnited States$xEmigration and immigration.
=655  \7$aInterview.$2nyu-hidvl
=655  \7$aFilmed interviews.$2lcgft
=700  1\$aTropicana, Carmelita,$einterviewee.$4ive
=710  2\$aHemispheric Institute of Performance and Politics,$eproducer.$4pro
=710  2\$aHemispheric Institute Digital Video Library.
=711  2\$aHemispheric Institute Encuentro$n(2nd :$d2001 :$cMonterrey, Mexico).
=740  0\$aMemory, atrocity and resistance.

