=LDR  03441ngm a2200445   4500
=001  004094007
=005  20150121203831.0
=006  m\\\\\\\\c\\\\\\\\
=007  cr\cna|||m|||a
=008  150118e20010622mx\055\\\\\\\\s\\\vlspa\d
=024  7\$aHI2013_050_01$2nyu-hidvl
=040  \\$aNNU$beng$cNNU
=041  0\$aspa
=245  00$aInterview with Ema Villanueva & Eduardo Flores$h[videorecording] /$cHemispheric Institute of Performance and Politics, producer.
=260  \\$c2001 June 22.
=300  \\$3viewing copy.$astreaming video (54 min., 32 sec.) :$bsd., col.
=500  \\$aTitle supplied by the Hemispheric Institute.
=500  \\$aPart of the Hemispheric Institute Digital Video Library.
=518  \\$aRecorded in Monterrey, Mexico, on June 22, 2001, as part of the 2nd Encuentro of the Hemispheric Institute of Performance and Politics, titled Memory, Atrocity and Resistance.
=511  0\$aEma Villanueva, Eduardo Flores, Interviewees.
=520  \\$aIn this interview, Ema Villanueva and Eduardo Flores discuss their artistic collaboration and their participation in projects focused on social justice. They highlight the relationship between the social, the political, and the body through the arts. They offer their perspective on their trajectory, and their collaborative work techniques. They also discuss the students strike at the UNAM (Universidad Autónoma de México) in 2000. As a response, they performed a walk to memorialize the more than one thousand students imprisoned by military forces in a space that should remain autonomous and free of violence.
=520  \\$aEDEMA is a collaboration between Ema Villanueva and Eduardo Flores. Ema Villanueva (1975, Mexico City) is a visual and performance artist who performs in the streets as well as in established cultural spaces of Mexico. She has participated in several round tables and conferences in art schools around Mexico City. Her work has been reviewed in major newspapers such as Reforma, La Jornada and Milenio, and discussed in academic papers and conference presentations.Eduardo Flores Castillo (Ciudad de México, 1971) is an artist, educator, and researcher of performance art. He has presented his performance work and has given workshops and lectures in different cities in Mexico, Peru, Brazil, Colombia, and the United States. He has also published articles in specialized journals in Mexico and Cuba.
=534  \\$pMedia source original:$e1 videocassette (Mini DV) : sd., col. ; 1/4 in. SP.$mSony Premium DVM60-ME
=540  \\$aThere are copyright restrictions on this collection. For more information, go to the online version of this video.
=546  \\$aIn Spanish.
=600  10$aVillanueva, Ema,$d1975-$vInterviews.
=600  10$aFlores Castillo, Eduardo.$vInterviews.
=610  20$aEDEMA (Performance group)
=650  \0$aStudent strikes.
=650  \0$aArtistic collaboration.
=650  \0$aArt$xPolitical aspects.
=650  \0$aArt and social conflict.
=655  \7$aInterview.$2nyu-hidvl
=700  1\$aVillanueva, Ema,$d1975-$4ive
=700  1\$aFlores Castillo, Eduardo.$4ive
=710  2\$aHemispheric Institute of Performance and Politics.$4pro
=710  2\$aHemispheric Institute Digital Video Library.
=711  2\$aHemispheric Institute Encuentro$n(2nd :$d2001 :$cMonterrey, Mexico).$tMemory, atrocity and resistance.
=852  \\$aNNU$bWEB$cGENI$mElectronic access
=856  40$uhttp://hdl.handle.net/2333.1/kh1895d9$9WEB

