=LDR  04024cgm a2200409 a 4500
=001  003964055
=005  20140421225329.0
=006  m\\\\\\\\c\\\\\\\\
=007  cr\cna|||m|||a
=008  140310s2002\\\\xxu022\\\\\\\\s\\\vleng\d
=024  7\$aHI2013_012_01$2nyu-hidvl
=040  \\$aNNU$beng$cNNU
=041  0\$aeng
=245  00$aArts presenters conference (video clips)$h[videorecording] /$cNew WORLD Theater, producer.
=260  \\$c2002.
=300  \\$3viewing copy.$astreaming video (21 min., 21 sec.) :$bsd., col.
=490  1\$aNew WORLD Theater collection
=546  \\$aIn English.
=500  \\$aTitle supplied by Hemispheric Institute.
=500  \\$aPart of the Hemispheric Institute Digital Video Library.
=518  \\$aRecorded and performed in the United States in 2002.
=511  1\$aProject 2050, Everett Dance Theater, Rennie Harris Puremovement, Universes, performers.
=520  \\$aFrom 1979-2009, the New WORLD Theater worked at the intersection of artistic practice, community engagement, scholarship, and activism toward a vision of a ‘new world’ - one that broke the confines of multiculturalism and was an artistic harbinger of America’s shifting demographics. From a geographic ‘outpost’ in New England, New WORLD Theater evolved from a community organizing project and the Northeast point on a theater touring compass, to a protective studio to hone new work, a site of international intersections from South Africa to the South Bronx, and the home of inspired and rigorous collaborations with Western Massachusetts youth. New performance work development at New WORLD defied the conventional theater play lab as ghetto for artists of color; artists were met where they wanted to be in the imagining of new approaches, methods, and production. One of New WORLD Theater’s artistic legacies is Project 2050, a multi-year youth arts initiative built on the demographic projection that people of color would become the majority in the United States by 2050. The program brought together professional artists, youth communities from Massachusetts, scholars, and community activists to engage civic dialogue and create original performances based on themes that addressed young performers’ dreams and concerns. Performances were created from workshops that included playwriting, poetry, breakdancing, drumming, beatboxing, lyricism, singing, songwriting, stepping, and visual art.
=520  \\$aThis is a collage of video clips that feature excerpts of performances by artists who collaborated with New WORLD Theater, thus showing the scope and diversity of the entire project. The clips feature pieces of performances by Project 2050, Everett Dance Theatre, Rennie Harris Puremovement, and UNIVERSES. Project 2050’s ‘Ashy Ankles’ explores oppressive statements around race and gender that the performers have experienced as young women of color. Everette Dance Theatre’s piece interweaves spoken dialogue and movement, thus underlining the meaningful roles of voice and body in performance. Rennie Harris Puremovement explores gender and race violence, and the struggles tied to identity politics. Finally, UNIVERSES performs a song that invites to reflect upon race and ethnicity as both a mark of identity and an impulse to create a better future.
=534  \\$pMedia source original:$e1 videocassette of 1 (VHS) : sd., col. ; 1/2 in. SP.$mRCA T-120H
=540  \\$aThere are copyright restrictions on this collection. For more information, go to the online version of this video.
=610  20$aNew WORLD Theater.
=650  \0$aTheater$xPolitical aspects
=650  \0$aPerformance art$xPolitical aspects.
=650  \0$aSocial justice.
=650  \0$aPerformance artists$xPolitical activity.
=655  \7$aVideo clips.$2nyu-hidvl
=710  2\$aNew WORLD Theater.$4pro
=710  2\$aHemispheric Institute Digital Video Library.
=830  \0$aNew WORLD Theater collection.
=852  \\$aNNU$bWEB$cGENI$mElectronic access
=856  40$uhttp://hdl.handle.net/2333.1/3bk3jc6f$9WEB

