=LDR  02674ngm a2200397   4500
=001  004191089
=005  20160613122400.0
=006  m\\\\\\\\c\\\\\\\\
=007  cr\cna|||m|||a
=008  150928e20030611nyu041\\\\\\\\s\\\vleng\d
=024  7\$aHI2014_018_01$2nyu-hidvl
=040  \\$aNNU$beng$cNNU
=041  0\$aeng
=245  00$aIn the last car$h[videorecording] /$cMuMs, writer.
=260  \\$c2003 Jun. 11.
=300  \\$3viewing copy.$astreaming video (40 min., 53 sec.) :$bsd., col.
=490  1\$aHip Hop Theater Festival
=500  \\$aPart of the Hemispheric Institute Digital Video Library.
=500  \\$aTitle supplied by the Hemispheric Institute.
=511  1\$aLord Jamar (Brand Nubian), performer.
=518  \\$aPerformed at PS 122, 150 1st Ave, New York City, on June 11, 2003.
=520  \\$aA poetic look at the violence - both external and internal - wreaking havoc in the lives of black men, In the Last Car is one man’s story whose implications reach far beyond his life. From everyday encounters to relationship struggles, from substance abuse to subway rides, protagonist Agaceez’s lyrical exploration is poignant as he is kidnapped by some very dark characters, and manages to discover his purpose. The play is an intimate glance at the struggles taking place in the last car, and other places that too often go overlooked.
=520  \\$aHip-Hop Theater Festival is dedicated to presenting and showcasing theater written by and about the Hip-Hop generation. Since 2004, its creators have worked with emerging and established artists to develop work that broadens conversations around Hip-Hop on a global scale. Dedicated to inciting dialogue and social change, HHTF recognizes the power of Hip-Hop and the power of theater as a medium. For a culture whose impact can be seen and felt around the globe, Hip-Hop Theater Festival works to shine light on the diversity and innovation within the world of Hip-Hop.
=534  \\$pMedia source original:$e1 videocassette (Mini DV) : sd., col. ; 1/4 in. SP.$mPanasonic ME DVM60
=540  \\$aThere are copyright restrictions on this collection. For more information, go to the online version of this video.
=546  \\$aIn English.
=650  \0$aAfrican American men$xSocial conditions.
=650  \0$aViolence$xPsychological aspects.
=650  \0$aHip-hop$xPolitical aspects.
=655  \7$aHip-Hop theater.$2nyu-hidvl
=655  \7$aTheater.$2nyu-hidvl
=700  1\$aDa Schemer, Mums.$4cre
=710  2\$aHemispheric Institute Digital Video Library.
=830  \0$aHip-Hop Theater Festival (Hi-ARTS)
=852  \\$aNNU$bWEB$cGENI$mElectronic access
=856  40$uhttp://hdl.handle.net/2333.1/j9kd53q4$9WEB

