=LDR  04030cgm a2200457 a 4500
=001  003793950
=005  20140421220543.0
=006  m\\\\\\\\z\\\\\\\\
=007  vd\cvaizu
=007  cr\cna|||m|||a
=008  130815e20030707nyu043\\\\\\\\\\\\vlspa\d
=024  7\$aHI2012_008_01$2nyu-hidvl
=040  \\$aNNU$beng$cNNU
=041  0\$aspa
=043  \\$an-mx---
=245  03$aLa bruja monja$h[videorecording] =$bThe demon's nun /$cHemispheric Institute of Performance and Politics, producer ; FOMMA, creator ; Doris Difarnecio, director.
=246  31$aDemon's nun
=260  \\$c2003 July 7.
=300  \\$3viewing copy.$a1 videodisc of 1 (DVD) (42 min., 48 sec.) :$bsd., col. ;$c4 3/4 in.
=546  \\$aIn Spanish.
=500  \\$aTitle supplied by Hemispheric Institute.
=500  \\$aPart of the Hemispheric Institute Digital Video Library.
=518  \\$aPerformed in New York City on July 7, 2003, as part of the Spectacles of Religiosities Seminar, Hemispheric Institute of Performance and Politics, New York University, July 5-12, 2003.
=511  1\$aDiana Taylor, commentator ; Petrona de la Cruz Cruz, Isabel Juárez Espinoza, performers.
=520  \\$aVideo documentation of ‘La Bruja Monja’ (‘The Demon’s Nun’), followed by Q&A, performed during the 4th Encuentro of the Hemispheric Institute of Performance and Politics, celebrated in July of 2003 in New York, United States, under the title ‘Spectacles of Religiosities.’ ‘The Demon’s Nun’ is a piece by two Mayan playwrights, Petrona de la Cruz and Isabel Juárez Espinoza, who are also founder and current members of FOMMA, a women’s collective in San Cristóbal de las Casas, Chiapas. The protagonist is a woman named Domitila whose husband, a drinker and a lecher, complains that she never wants to have sex; instead, she directs her erotic longings toward the divine: a luminous angel who appears in her dreams, and the santitos or small statues of saints to whom she prays. The Demon’s Nun offers a humorous view of very serious issues—violence against women, limited educational opportunities, alcoholism, and abuse by priests.
=520  \\$aPetrona de la Cruz and Isabel Juárez Espinosa are Mayan Indian playwrights and actresses from Chiapas, Mexico. Pioneers in theatre and social justice in their country, in 1994 they formed the women’s cooperative FOMMA, to empower displaced Indian women and children through workshops in bilingual education (Tzotzil/Tzeltal and Spanish) health programs, job skills and theatre. They have performed in small communities throughout Chiapas as well as at universities and festivals abroad. Forced to leave their native villages at an early age, they became maids in the neighboring mestizo city of San Cristóbal de las Casas. In the 1980s they went to work at the fledging Indian writers' cooperative, Sna Jtz'bajom. It was there they became interested in theatre and received training from Ralph Lee of the Metawee River Theatre Company. They have subsequently worked with several other teachers including Amy Trompetter and Luis de Tavira.
=530  \\$aAlso available online as streaming video.
=534  \\$pMedia source original:$e1 videocassette of 1 (Mini DV) : sd., col. ; 1/4 in. SP.$mPanasonic DVM60
=540  \\$aThere are copyright restrictions on this collection. For more information, go to the online version of this video.
=650  \0$aWomen's rights$zMexico.
=650  \0$aWomen's rights$xReligious aspects
=650  \0$aCommunity theater$zMexico.
=655  \7$aPerformance.$2nyu-hidvl
=655  \7$aTheater.$2nyu-hidvl
=700  1\$aDifarnecio, Doris.$4drt
=710  2\$aFortaleza de la Mujer Maya (Organization)$4cre
=710  2\$aHemispheric Institute of Performance and Politics.$4pro
=710  2\$aHemispheric Institute Digital Video Library.
=711  2\$aHemispheric Institute Encuentro$n(4th :$d2003 :$cNew York, N.Y.).$tSpectacles of religiosities.
=852  \\$aNNU$bWEB$cGENI$mElectronic access
=856  40$uhttp://hdl.handle.net/2333.1/cz8w9j61$9WEB

