=LDR  02777ngm a2200433   4500
=001  004191280
=005  20160613122528.0
=006  m\\\\\\\\c\\\\\\\\
=007  cr\cna|||m|||a
=008  150929e20030611nyu098\\\\\\\\s\\\vleng\d
=024  7\$aHI2014_025_01$2nyu-hidvl
=024  7\$aHI2014_026_01$2nyu-hidvl
=040  \\$aNNU$beng$cNNU
=041  0\$aeng
=245  00$aGiving up the gun$h[videorecording] /$cDavid Rodriguez, writer.
=260  \\$c2003 Jun. 11.
=300  \\$3viewing copy.$astreaming video (97 min., 45 sec.: pt.1: 61 min., 38 sec.; pt.2: 36 min., 7 sec.) :$bsd., col.
=490  1\$aHip Hop Theater Festival
=500  \\$aTitle supplied by the Hemispheric Institute.
=500  \\$aPart of the Hemispheric Institute Digital Video Library.
=511  1\$aDavid Rodriguez, performer.
=518  \\$aPerformed at the New York Theatre Workshop, 79 E 4th St, New York City, on June 11, 2003.
=520  \\$aWhen Wally’s troubled young life comes to an abrupt end, he is more than a little surprised to meet his hero, Tupac Shakur, on the other side. With the slain rapper as his guide, Wally is witness to the revelations of Tupac in the afterlife. Among regrets of lost love and falling prey to life in the street, Wally learns valuable lessons about life and what you take with you far beyond the grave. Giving Up the Gun is a poignant examination of life, death, and what comes after.
=520  \\$aHip-Hop Theater Festival is dedicated to presenting and showcasing theater written by and about the Hip-Hop generation. Since 2004, its creators have worked with emerging and established artists to develop work that broadens conversations around Hip-Hop on a global scale. Dedicated to inciting dialogue and social change, HHTF recognizes the power of Hip-Hop and the power of theater as a medium. For a culture whose impact can be seen and felt around the globe, Hip-Hop Theater Festival works to shine light on the diversity and innovation within the world of Hip-Hop.
=534  \\$pMedia source original:$e2 videocassettes (Mini DV) : sd., col. ; 1/4 in. SP.$mSony Premium DVM60-ME and Panasonic ME DVM60
=540  \\$aThere are copyright restrictions on this collection. For more information, go to the online version of this video.
=546  \\$aIn English.
=600  10$aShakur, Tupac,$d1971-1996.
=650  \0$aHip-hop.
=650  \0$aChildren and violence.
=650  \0$aEternity.
=653  \\$aLife after death
=655  \7$aTheater.$2nyu-hidvl
=655  \7$aHip-Hop theater.$2nyu-hidvl
=700  1\$aRodríguez, David.$4aut$4prf
=710  2\$aHemispheric Institute Digital Video Library.
=830  \0$aHip-Hop Theater Festival (Hi-ARTS)
=852  \\$aNNU$bWEB$cGENI$mElectronic access
=856  40$uhttp://hdl.handle.net/2333.1/280gb7vr$9WEB

