=LDR  03401ngm a2200421   4500
=001  004191910
=005  20151002130055.0
=006  m\\\\\\\\c\\\\\\\\
=007  cr\cna|||m|||a
=008  151001e20080727nyu072\\\\\\\\s\\\vleng\d
=024  7\$aHI2014_108_01$2nyu-hidvl
=024  7\$aHI2014_109_01$2nyu-hidvl
=040  \\$aNNU$beng$cNNU
=041  0\$aeng
=245  00$aNocturns$h[videorecording] /$cNicolás Dumit Estévez, creator.
=260  \\$c2008 July 27.
=300  \\$3viewing copy.$astreaming video (71 min., 39 sec.: pt.1: 56 min., 49 sec.; pt.2: 14 min., 50 sec.) :$bsd., col.
=490  1\$aNicolás Dumit Estévez & Collaborators collection
=500  \\$aTitle supplied by the Hemispheric Institute.
=500  \\$aPart of the Hemispheric Institute Digital Video Library.
=511  1\$aNicolás Dumit Estévez, performer.
=518  \\$aPerformed in the Bronx, NY, on July 27, 2008.
=520  \\$aThis video documentation features a performance that takes place after the artist leaves a seven-day retreat into a monastery where he devoted himself to the nocturnal adoration of the Most Blessed Sacrament, prayer, and refrained from verbal language and communication with the outside world. Upon exiting the monastery he journeys on foot, along with invited friends and guests, to the Bronx Academy of Art and Dance where he breaks his vow of silence for a Question and Answer session. During the Q&A, the artist promises to only speak of nocturns once a year for seven consecutive years, 2008-2014 and to never speak of nocturns after the seventh year, thereby relying on the audience to spread information by word-of-mouth, and archiving the experience in a purely oral format.
=520  \\$aNicolás Dumit Estévez is an interdisciplinary artist working mainly in performance art and art-and-life experiences. He has exhibited and performed extensively in the US as well as internationally at venues such as madrid Abierto/ARCO, The IX Havana Biennial, PERFORMA 05 and 07, IDENSITAT, Prague Quadrennial, The Pontevedra Biennial, The Queens Museum of Art, MoMA, The MacDowell Colony, El Museo del Barrio, The Center for Book Arts, Longwood Arts Gallery/BCA, The Smithsonian National Museum of the American Indian, Franklin Furnace, and Lower Manhattan Cultural Council, among others. Residencies attended include P.S. 1/MoMA, Yaddo and the MacDowell Colony. He teaches at the Transart Institute in Berlin, Germany. Estévez is currently pursuing a Master in Theology and the Artsat Union Theological Seminary in New York. Born in Santiago de los Treinta Caballeros, Dominican Republic, he lives and works in the South Bronx.
=534  \\$pMedia source original:$e2 videocassettes (Mini DV) : sd., col. ; 1/4 in. SP.$mPanasonic ME DVM60
=540  \\$aThere are copyright restrictions on this collection. For more information, go to the online version of this video.
=546  \\$aIn English.
=650  \0$aSacraments.
=650  \0$aSymbolism in art.
=650  \0$aOral tradition.
=650  \0$aReligion and politics.
=650  \0$aPerformance art$xPolitical aspects.
=650  \0$aPerformance art$zNew York (N.Y.)$zBronx.
=655  \7$aPerformance$2nyu-hidvl
=655  \7$aStreet intervention$2nyu-hidvl
=700  1\$aEstévez, Nicolás Dumit.$4cre$4prf
=710  2\$aHemispheric Institute Digital Video Library.
=830  \0$aNicolás Dumit Estévez & Collaborators collection.

