=LDR  03470cgm a2200481 a 4500
=001  003794151
=005  20140421220558.0
=006  m\\\\\\\\z\\\\\\\\
=007  vd\cvaizu
=007  cr\cna|||m|||a
=008  130815e200906uumx\052\\\\\\\\\\\\vlspa\d
=024  7\$aHI2012_009_01$2nyu-hidvl
=040  \\$aNNU$beng$cNNU
=041  0\$aspa
=043  \\$acl-----$an-mx---
=245  03$aEl dueño de las mariposas$h[videorecording] =$bOwner of the butterflies /$cHemispheric Institute of Performance and Politics, producer ; FOMMA, creator ; Doris Difarnecio, director.
=246  31$aOwner of the butterflies
=260  \\$c2009 June.
=300  \\$3viewing copy.$a1 videodisc of 1 (DVD) (51 min., 32 sec.) :$bsd., col. ;$c4 3/4 in.
=490  1\$aFOMMA video collection
=546  \\$aIn Spanish.
=500  \\$aTitle supplied by Hemispheric Institute.
=500  \\$aPart of the Hemispheric Institute Digital Video Library.
=518  \\$aPerformed at the Centro Hemisférico/FOMMA in San Cristóbal de las Casas, Chiapas, Mexico, in June 2009.
=511  1\$aMaría Francisca Oseguera Cruz, Victoria Patishtan Gómez, performers.
=520  \\$aFOMMA - Fortaleza de la Mujer Maya - is a collective of Mayan women who use theater as a tool for education and community building. Based in San Cristóbal de las Casas, Chiapas, Mexico, they are performers, playwrights, and teachers who tour their work in their communities and internationally, performing plays that focus on women's and indigenous rights, literacy, cultural survival, ecology, health, and education in the Tzeltal and Tzotzil indigenous languages. 'El Dueño de las Mariposas' (‘Owner of the Butterflies’) tells the story of Chepe, an orphan predestined by his 'wayjel' - the hummingbird - to change the fate of the slaves suffering under the despotic regime of coffee plantation landowner Don Martín Contreras. The play exposes the despicable living and working conditions of the coffee workers, denouncing the violation of their human rights and demanding that the fundamental rights of these individuals be upheld. This piece is the result ofa process of collective creation on the relationship between politics and the body; the resulting performance brings together symbols, characters and circumstances from the rich Mayan imaginary as well as from the everyday life conditions of indigenous peoples in Latin America, in intricate labyrinths of time, love, injustice, and freedom, an urgent call for inalienable human rights.
=530  \\$aAlso available online as streaming video.
=534  \\$pMedia source original:$e1 videocassette of 1 (Mini DV) : sd., col. ; 1/4 in. SP.$mPanasonic DVM60
=540  \\$aThere are copyright restrictions on this collection. For more information, go to the online version of this video.
=650  \0$aCoffee plantation workers$zLatin America.
=650  \0$aHuman rights advocacy$zLatin America.
=650  \0$aMaya artists$zMexico$zChiapas.
=650  \0$aTheater$zMexico.
=653  \\$aIndigenous theater.
=655  \7$aPerformance.$2nyu-hidvl
=655  \7$aTheater.$2nyu-hidvl
=700  1\$aDifarnecio, Doris.$4drt
=710  2\$aFortaleza de la Mujer Maya (Organization)$4cre
=710  2\$aHemispheric Institute of Performance and Politics.$4pro
=710  2\$aHemispheric Institute Digital Video Library.
=830  \0$aFOMMA video collection.
=852  \\$aNNU$bWEB$cGENI$mElectronic access
=856  40$uhttp://hdl.handle.net/2333.1/866t1hqz$9WEB

