=LDR  03582cgm a2200505 a 4500
=001  003792483
=005  20140421214822.0
=006  m\\\\\\\\z\\\\\\\\
=007  vd\cvaizu
=007  cr\cna|||m|||a
=008  130812e20091001xx\004\\\\\\\\\\\\vlspa\d
=024  7\$aHI2012_003_01$2nyu-hidvl
=040  \\$aNNU$beng$cNNU
=041  0\$aspa
=043  \\$as-cl---
=245  00$aDiamela Eltit$h[videorecording] :$b30 Years of CADA's 'NO+' = 30 años del 'NO+' de CADA.
=246  31$aDiamela Eltit :$b30 años del 'NO+' de CADA
=260  \\$c2009 Oct. 1.
=300  \\$3viewing copy.$a1 videodisc of 1 (DVD) (3 min., 52 sec.) :$bsd., col. ;$c4 3/4 in.
=490  1\$aCADA (Colectivo Acciones de Arte) collection
=546  \\$aIn Spanish.
=500  \\$aTitle supplied by Hemispheric Institute.
=500  \\$aPart of the Hemispheric Institute Digital Video Library.
=518  \\$aRecorded on October 1, 2009.
=511  0\$aDiamela Eltit, speaker.
=520  \\$aIn this introduction to the 30-years celebration of the first public CADA’s ‘acción,’ Diamela Eltit reads a text in which she highlights the political relevance of this collective in relationship with the Chilean dictatorship, and the hegemonic cultural domination against which CADA performed. CADA’s ‘acciones de arte’ functioned as an archive and artwork simultaneously. Their members wanted to make a strategic material from the excerpt; in this sense, their methodology is based on a fragmented reality, and heterogeneity. The well-known intervention ‘NO +’ was the opening to a rebel narrative, and also opened a space for the word from the streets, repressed by terror. In CADA, arts, politics, and poetics converge, and its legacy belongs to the city and the citizens. ‘NO +’ is now an artifact and grammar of the public domain.
=520  \\$aDiamela Eltit is a distinguished Chilean performance artist, novelist and cultural critic. Winner of the Guggenheim Fellowship and numerous other awards and appointments, Eltit was a member of the acclaimed Colectivo de Acciones de Arte (CADA) during the years of the Pinochet dictatorship, and has been an important cultural presence during the years of the post-dictatorship through her participation in journals such as Revista de Crítica Cultural. Both as an artist and a critic, Eltit's work has made important contributions to feminist theory and she has been a regular contributor to Debate Feminista. In 2000, she published ‘Emergencias: Escritos sobre literatura, arte y política,’ a book of essays which brings together some of her literary and cultural criticism.
=530  \\$aAlso available online as streaming video.
=534  \\$pMedia source original:$e1 videocassette of 1 (Mini DV) : sd., col. ; 1/4 in. SP.$mPanasonic DVM60
=540  \\$aThere are copyright restrictions on this collection. For more information, go to the online version of this video.
=610  20$aColectivo Acciones de Arte.
=630  00$aNO+.
=650  \0$aArt$xPolitical aspects$zChile.
=650  \0$aPolitical participation$zChile.
=650  \0$aArt and social conflict$zChile.
=650  \0$aArt and state.
=650  \0$aArt and society$zChile.
=650  \0$aCivil rights movements$zChile.
=651  \0$aChile$xSocial conditions$y1970-
=655  \7$aLecture.$2nyu-hidvl
=700  1\$aEltit, Diamela,$d1949-$4spk
=710  2\$aHemispheric Institute Digital Video Library.
=830  \0$aCADA (Colectivo Acciones de Arte) collection.
=852  \\$aNNU$bWEB$cGENI$mElectronic access
=856  40$uhttp://hdl.handle.net/2333.1/x0k6dm9g$9WEB

