=LDR  04504cgm a2200553 a 4500
=001  003742313
=005  20140421205935.0
=006  m\\\\\\\\z\\\\\\\\
=007  vd\cvaizu
=007  cr\cna|||m|||a
=008  130418e200903uucau014\\\\\\\\\\\\vlspa\d
=024  7\$aHI2011_006_01$2nyu-hidvl
=040  \\$aNNU$beng$cNNU
=041  0\$aspa
=043  \\$an-us---
=079  \\$a(OCoLC)845246189
=245  00$aBailando con la Migra$h[videorecording] =$bDancing with Homeland Security /$cJose Mangandi, producer, director, writer.
=246  31$aDancing with Homeland Security
=260  \\$c2009 Mar.
=300  \\$3viewing copy.$a1 videodisc of 1 (DVD) (13 min., 37 sec.) :$bsd., col. ;$c4 3/4 in.
=490  1\$aTeatro Jornalero collection
=546  \\$aIn Spanish.
=500  \\$aTitle supplied by Hemispheric Institute.
=500  \\$aPart of the Hemispheric Institute Digital Video Library.
=518  \\$aPerformed at the Cornerstone Theater Company in Los Angeles, Calif., USA, in January 2009.
=511  1\$aSalvador Paredes, Juan Herrera, Luis Sanchez, Omar Hernandez, Sandra Borja, Lorena Moran, Gil Maldonado, performers.
=520  \\$a‘Bailando con La Migra’ (Dancing with Homeland Security) is a tragicomic, educative, and reflexive play about immigrants, whose luck can change from one minute to the next when searching for work, waiting for the bus, or taking their kids to school. Their lives are marked by the threat of being arrested by Homeland Security, the laws that poorly defend the immigrants, and the lack of proper knowledge of how to act in front of an official. An actor who plays the Forum Theater's Joker figure is introduced to interact with the audience as the play unfolds. At the end, there is hope that all undocumented immigrants and the agents of Homeland Security will come together and celebrate a better, united world. This educative play’s message for the audience is to go out and fight for immigration reform for all the 12 million undocumented people who live in the United States.
=520  \\$aTeatro Jornalero Sin Fronteras /Day Laborers Theater Without Borders (TJSF) is a Los Angeles-based ensemble theater company comprised of day laborers. Founded in 2008 by Cornerstone Theater Company in conjunction with the National Day Labor Organizing Network, their mission is to improve the lives of day laborers by creating plays by and for the day labor community. Responding to an often degrading and hostile work environment and an increasingly anti-immigrant climate nationally, the troupe uses theater, music, and dialogue to educate and inform immigrant workers about their legal rights; to empower the community by reflecting their stories in their own voices; to humanize the immigration debate for the broader community; and to build a troupe of theater artists that make insightful, entertaining and smart theater for their audiences. Each year TJSF performs in over 50 locations for more than 3,000 day laborers, public school and college students, and diverse organizations, institutions, and agencies. They have received coverage in local, national and international media outlets, including La Opinion, LA Times, BBC World, Christian Science Monitor, and National Public Radio.
=530  \\$aAlso available online as streaming video.
=534  \\$pMedia source original:$e1 videocassette of 1 (Mini DV) : sd., col. ; 1/4 in. SP.$mSony Premium DVM60-ME.
=540  \\$aThere are copyright restrictions on this collection. For more information, go to the online version of this video.
=650  \0$aImmigrants$zUnited States$xSocial conditions.
=650  \0$aImmigrants$xServices for$xGovernment policy$zUnited States.
=650  \0$aLatin Americans$zUnited States$xLegal status, laws, etc.
=650  \0$aEmigration and immigration law$zUnited States.
=650  \0$aEmigration and immigration$xSocial aspects.
=650  \0$aEmigration and immigration$xPolitical aspects.
=650  \0$aBorder security$zUnited States.
=651  \0$aUnited States$xForeign relations.
=655  \7$aPerformance.$2nyu-hidvl
=655  \7$aTheater.$2nyu-hidvl
=655  \7$aCommunity theater.$2nyu-hidvl
=700  1\$aMangandi, Jose.$4cre$4pro$4drt
=710  2\$aTeatro Jornalero Sin Fronteras.$4prf
=710  2\$aHemispheric Institute Digital Video Library.
=830  \0$aTeatro Jornalero collection.
=852  \\$aNNU$bWEB$cGENI$mElectronic access
=856  40$uhttp://hdl.handle.net/2333.1/w9ghx565$9WEB
=852  4\$aNNU$bBAFC$cAFC$jDVD 29483

