=LDR  04494cgm a2200553 a 4500
=001  003742321
=005  20140421205959.0
=006  m\\\\\\\\z\\\\\\\\
=007  vd\cvaizu
=007  cr\cna|||m|||a
=008  130418e200903uumx\014\\\\\\\\\\\\vlspa\d
=024  7\$aHI2011_007_01$2nyu-hidvl
=040  \\$aNNU$beng$cNNU
=041  0\$aspa
=043  \\$an-mx---
=079  \\$a(OCoLC)845246191
=245  00$aInterview with Jesusa Rodríguez$h[videorecording] :$bOn Sor Juana Inés de la Cruz /$cHemispheric Institute of Performance and Politics, producer.
=246  30$aJesusa Rodríguez :$bOn Sor Juana Inés de la Cruz
=246  30$aOn Sor Juana Inés de la Cruz
=260  \\$c2010 Aug.
=300  \\$3viewing copy.$a1 videodisc of 1 (DVD) (35 min., 31 sec.) :$bsd., col. ;$c4 3/4 in.
=490  1\$aHemispheric Institute featured interviews
=546  \\$aIn Spanish.
=500  \\$aTitle supplied by Hemispheric Institute.
=500  \\$aPart of the Hemispheric Institute Digital Video Library.
=518  \\$aRecorded at the San Cristóbal de las Casas, Chiapas, México, in August 2010.
=511  1\$aJesusa Rodríguez, interviewee ; Diana Taylor, interviewer.
=520  \\$aInterview with Jesusa Rodríguez, conducted by Diana Taylor, founding director of the Hemispheric Institute of Performance and Politics. In this interview, Jesusa Rodríguez talks about Sor Juana Inés de la Cruz and her poem ‘Primero Sueño’ (‘First Dream’), a baroque work of art that condenses the genius of the 17th-century Mexican nun. She is linked through memory, history, and feminist statements with her contemporary counterpart, Jesusa Rodríguez, who memorized the almost 1,000 verses of the poem as a part of a creative process that allowed her not only to develop a profound interpretation of its contents, but also a fully bodily internalization experience. This intense relationship with the poem helped her to survive in the everyday world, to strengthen her political struggle, and to fight oblivion. For Jesusa Rodríguez, Sor Juana’s poetry is both a-temporal and contemporary, and a source of inspiration and wisdom to keep working on acts of resistance. As a tribute, Jesusa Rodríguez uses theater to transmit the greatest poem of one of the greatest Mexican poets, and to make it visible and accessible to everyone. Diverse stage elements serve as tools to reveal specific parts of the poem, through a ‘striptease,’ or an autopsy that helps to understand the beauty of Sor Juana’s words.
=520  \\$aJesusa Rodríguez is Mexico’s most influential cabaret and political performance artist, and recipient of an Obie Award. Often referred to as a chameleon, Rodríguez moves seemingly effortlessly and with vigor across the spectrum of cultural forms, styles, and tones. Her work challenges traditional classification, crossing with ease generic boundaries: from elite to popular to mass; from Greek tragedy to cabaret; from pre-Columbian indigenous to opera; from revue, sketch and carpa, to performative acts within political projects. She ran the famous El Hábito in Mexico City with her partner, Liliana Felipe, where they staged hundreds of shows over the course of fifteen years. Most recently, she heads up the Resistencia Creativa movement in Mexico, whose key strategy is using ‘massive cabaret’ as a tool for political action.
=530  \\$aAlso available online as streaming video.
=534  \\$pMedia source original:$e1 videocassette of 1 (Mini DV) : sd., col. ; 1/4 in. SP.$mFujifilm miniDV ME DVM60
=540  \\$aThere are copyright restrictions on this collection. For more information, go to the online version of this video.
=600  10$aRodríguez, Jesusa$vInterviews.
=600  00$aJuana Inés de la Cruz,$cSister,$d1651-1695.$tPrimero sueño$xCriticism and interpretation.
=650  \0$aFeminism.
=650  \0$aPerformance poetry.
=650  \0$aPerformance poets$zMexico.
=650  \0$aTheater and society$zMexico.
=651  \0$aMexico$xHistory.
=653  \\$aBody politics.
=655  \7$aInterview.$2nyu-hidvl
=700  1\$aRodríguez, Jesusa.$4ive
=700  1\$aTaylor, Diana,$d1950-$4ivr
=710  2\$aHemispheric Institute of Performance and Politics.$4pro
=710  2\$aHemispheric Institute Digital Video Library.
=830  \0$aHemispheric Institute featured interviews.
=852  \\$aNNU$bWEB$cGENI$mElectronic access
=856  40$uhttp://hdl.handle.net/2333.1/rn8pk2cn$9WEB
=852  4\$aNNU$bBAFC$cAFC$jDVD 29484

