=LDR  02930cgm a2200469 a 4500
=001  003792508
=005  20140421214854.0
=006  m\\\\\\\\z\\\\\\\\
=007  vd\cvaizu
=007  cr\cna|||m|||a
=008  130812e20091105nyu057\\\\\\\\\\\\vleng\d
=024  7\$aHI2012_005_01$2nyu-hidvl
=040  \\$aNNU$beng$cNNU
=041  0\$aeng
=043  \\$an-us---
=245  00$aPamela Sneed's 'America ain't ready'$h[videorecording] /$cHemispheric Institute of Performance and Politics, producer ; Pamela Sneed, creator.
=246  30$aAmerica ain't ready
=260  \\$c2009 Nov. 5.
=300  \\$3viewing copy.$a1 videodisc of 1 (DVD) (56 min., 11 sec.) :$bsd., col. ;$c4 3/4 in.
=490  1\$aHemispheric Institute archive
=546  \\$aIn English.
=500  \\$aTitle supplied by Hemispheric Institute.
=500  \\$aPart of the Hemispheric Institute Digital Video Library.
=518  \\$aRecorded at the Hemispheric Institute in New York City on November 5, 2009.
=511  1\$aPamela Sneed, performer.
=520  \\$aThis is a video documentation of Pamela Sneed’s reading/spoken word ‘America Ain’t Ready,’ presented in the Hemispheric Institute of Performance and Politics. Sneed delivers scathing and raucously humorous commentary on some of the key issues of our time, taking her audience on a journey through popular culture, American politics, and the New York City underground scene of the '80s and '90s that insists on naming the unnamed and telling the untold.
=520  \\$aPamela Sneed is a New York-based poet, performer, writer and actress. She is the author of Imagine Being More Afraid of Freedom Than Slavery, published by Henry Holt (1998) and KONG and other works published by Vintage Entity Press (2009). She is the recipient of the 2006 BAX award for performance. Sneed has been featured in the New York Times Magazine, The New Yorker, The Source, Time Out, VIBE, Karl Lagerfeld's ‘Off The Record,’ and on the cover of New York Magazine. In 2009 her work appeared in Essence magazine.
=530  \\$aAlso available online as streaming video.
=534  \\$pMedia source original:$e1 videocassette of 1 (Mini DV) : sd., col. ; 1/4 in. SP.$mPanasonic DVM60
=540  \\$aThere are copyright restrictions on this collection. For more information, go to the online version of this video.
=650  \0$aAfrican American women$xRace identity.
=650  \0$aPopular culture$zUnited States.
=651  \0$aUnited States$xSocial conditions$y1980-
=651  \0$aUnited States$xPolitics and government
=655  \7$aPerformance.$2nyu-hidvl
=655  \7$aSpoken word.$2nyu-hidvl
=700  1\$aSneed, Pamela.$4cre$4prf
=710  2\$aHemispheric Institute of Performance and Politics.$4pro
=710  2\$aHemispheric Institute Digital Video Library.
=830  \0$aHemispheric Institute archive.
=852  \\$aNNU$bWEB$cGENI$mElectronic access
=856  40$uhttp://hdl.handle.net/2333.1/ngf1vk8v$9WEB

