=LDR  03788cgm a2200469 a 4500
=001  003794255
=005  20140421220621.0
=006  m\\\\\\\\z\\\\\\\\
=007  vd\cvaizu
=007  cr\cna|||m|||a
=008  130815e201008uumx\074\\\\\\\\\\\\vlspa\d
=024  7\$aHI2012_010_01$2nyu-hidvl
=024  7\$aHI2012_011_01$2nyu-hidvl
=040  \\$aNNU$beng$cNNU
=041  0\$aspa
=245  00$aBuscando nuevos caminos$h[videorecording] =$bLooking for new paths /$cHemispheric Institute of Performance and Politics, producer ; FOMMA, creator ; Doris Difarnecio, director.
=246  31$aLooking for new paths
=260  \\$c2010 Aug.
=300  \\$3viewing copy.$a2 videodiscs of 2 (DVD) (73 min., 49 sec.: pt.1, 55 min., 4 sec.; pt.2, 18 min., 45 sec.) :$bsd., col. ;$c4 3/4 in.
=490  1\$aFOMMA video collection
=546  \\$aIn Spanish.
=500  \\$aTitle supplied by Hemispheric Institute.
=500  \\$aPart of the Hemispheric Institute Digital Video Library.
=518  \\$aPerformed at Centro Hemisférico at FOMMA in San Cristóbal de las Casas, Chiapas, Mexico, in August 2010.
=511  1\$aIsabel Juárez Espinoza, Victoria Patishtan Gómez, María Francisca Oseguera Cruz, Petrona de la Cruz Cruz, Floriberta Pérez Ruiz, María Pérez Santiz, performers.
=520  \\$aFOMMA - Fortaleza de la Mujer Maya - is a collective of Mayan women who use theater as a tool for education and community building. Based in San Cristóbal de las Casas, Chiapas, Mexico, they are performers, playwrights, and teachers who tour their work in their communities and internationally, performing plays that focus on women's and indigenous rights, literacy, cultural survival, ecology, health, and education in the Tzeltal and Tzotzil indigenous languages. ‘Buscando nuevos caminos’ (‘Looking for New Paths’) is a play about about the false promises that impulse indigenous men and women to find new opportunities in the United States. The forced separation due to migration leaves women by themselves, in a society where they have to learn to survive the violence and greed of unscrupulous relatives. When three young women decide to go to the North and cross the border to find their parents, they have to suffer the abuse of the ‘coyote’ and the difficult conditions of the desert. Trying to escape from the dangers in the border, families get separated, as many fractured families due to migration and violence. The women of FOMMA offer strong monologues about the desire of crossing the border – they measure the reasons to leave, but most importantly, the reasons to stay in Chiapas. They end the play with a firm ‘I’m going to live here, and I’m going to die here’ calling their brothers and sisters to come back home and look for new paths in their own land. Q&A with the members of FOMMA follow this performance’s video documentation.
=530  \\$aAlso available online as streaming video.
=534  \\$pMedia source original:$e2 videocassettes of 2 (Mini DV) : sd., col. ; 1/4 in. SP.$mPanasonic DVM60
=540  \\$aThere are copyright restrictions on this collection. For more information, go to the online version of this video.
=650  \0$aWomen's rights$zMexico.
=650  \0$aWomen$zMexico$xSocial conditions
=650  \0$aBorder crossing$zUnited States.
=650  \0$aCommunity theater$zMexico.
=655  \7$aPerformance.$2nyu-hidvl
=655  \7$aTheater.$2nyu-hidvl
=700  1\$aDifarnecio, Doris.$4drt
=710  2\$aFortaleza de la Mujer Maya (Organization)$4cre
=710  2\$aHemispheric Institute of Performance and Politics.$4pro
=710  2\$aHemispheric Institute Digital Video Library.
=830  \0$aFOMMA video collection.
=852  \\$aNNU$bWEB$cGENI$mElectronic access
=856  40$uhttp://hdl.handle.net/2333.1/4j0zpdxj$9WEB

