=LDR  04575cgm a2200505 a 4500
=001  003798496
=005  20140421221149.0
=006  m\\\\\\\\z\\\\\\\\
=007  vd\cvaizu
=007  cr\cna|||m|||a
=008  130820e20100331nyu083\\\\\\\\\\\\vleng\d
=024  7\$aHI2012_014_01$2nyu-hidvl
=024  7\$aHI2012_015_01$2nyu-hidvl
=040  \\$aNNU$beng$cNNU
=041  0\$aeng$aspa
=245  00$aStrange democracy$h[videorecording] :$ban evening with spoken word brujo Guillermo Gómez-Peña /$cEl Museo del Barrio, producer ; Guillermo Gómez-Peña, creator.
=260  \\$c2010 Mar. 31.
=300  \\$3viewing copy.$a2 videodiscs of 2 (DVD) (82 min., 35 sec.: pt.1, 57 min., 6 sec.; pt.2, 25 min., 29 sec.) :$bsd., col. ;$c4 3/4 in.
=490  1\$aHemispheric Institute archive
=546  \\$aIncludes English and Spanish.
=500  \\$aTitle supplied by Hemispheric Institute.
=500  \\$aPart of the Hemispheric Institute Digital Video Library.
=518  \\$aPerformed at El Museo del Barrio in New York City on March 31, 2010.
=511  1\$aGuillermo Gómez-Peña, Marlène Ramírez-Cancio, Andrea Thome, performers.
=520  \\$aGuillermo Gómez-Peña’s Border Brujo stopped by NYC to share his spoken word’s enchantments. Always at the center of discussions about US anti-immigration policies, Fulana’s Fabi Fernández opens the show reading the impossible instructions to apply for a visa to the US, while Guillermo Gómez-Peña reminds to whomever it might concern that ‘we are here precisely because you were there.’ Gómez-Peña exposes the contradictions of US anti immigration and anti Spanish language enforcement with his well-known linguistic mix that jumps from Spanish to English, Spanglish, and unknown tongues,. He also generously offers a Spanish lesson for gringo friends who have to work with Latinos (with Barbi and Fabi’s help) addressing the ups and downs of ‘intercultural’ relations. Moreover, in this particular occasion, Gómez-Peña’s persona deals with the coming of years, his fear of loosing his Chicano mojo, and his sexual pathologies with a computer. Between eroticism and imaginary political speeches, 'GGP' shows the power of spoken word, the power of performance art, and how great it feels to imagine.
=520  \\$aGuillermo Gómez-Peña is a performance artist/writer and the director of the transnational arts collective La Pocha Nostra. He was born in Mexico City and came to the US in 1978. Since then he has been exploring cross-cultural issues with the use of performance, multilingual poetry, journalism, video, radio, and installation art. His performance work and eight books have contributed to the debates on cultural diversity, identity, and US-Mexico relations. His artwork has been presented at over seven hundred venues across the US, Canada, Latin America, Europe, Russia and Australia. He is a MacArthur Fellow, American Book Award winner, and a Senior Fellow of the Hemispheric Institute of Performance and Politics. He is a regular contributor to National Public Radio, a writer for newspapers and magazines in the US, Mexico, and Europe, and a contributing editor to The Drama Review (NYU-MIT).
=520  \\$aFulana is a video and performance collective created in 2000 by four Latinas in New York City (Cristina Ibarra, Marlène Ramírez-Cancio, Lisandra Ramos-Grullón & Andrea Thome). Using parody and satire, their work delves into topics affecting the Latino communities in the U.S., and responds to the ways products and ideas are marketed and sold to us through the mass media.
=530  \\$aAlso available online as streaming video.
=534  \\$pMedia source original:$e2 videocassettes of 2 (Mini DV) : sd., col. ; 1/4 in. SP.$mPanasonic DVM60
=540  \\$aThere are copyright restrictions on this collection. For more information, go to the online version of this video.
=650  \0$aBilingualism$xPolitical aspects.
=650  \0$aPerformance art$zUnited States$xSocial aspects.
=650  \0$aPolitical satire.
=650  \0$aDemocracy$zUnited States.
=650  \0$aVisas$zUnited States.
=650  \0$aHispanic American artists.
=651  \0$aUnited States$xEmigration and immigration
=655  \7$aPerformance.$2nyu-hidvl
=655  \7$aSpoken word.$2nyu-hidvl
=700  1\$aGómez-Peña, Guillermo.$4cre$4prf
=710  2\$aEl Museo del Barrio.$4pro
=710  2\$aHemispheric Institute Digital Video Library.
=830  \0$aHemispheric Institute archive.
=852  \\$aNNU$bWEB$cGENI$mElectronic access
=856  40$uhttp://hdl.handle.net/2333.1/r7sqvck6$9WEB

