=LDR  04746cgm a2200577 a 4500
=001  003743156
=005  20140421210013.0
=006  m\\\\\\\\z\\\\\\\\
=007  vd\cvaizu
=007  cr\cna|||m|||a
=008  130422e201008uumx\025\\\\\\\\\\\\vlspa\d
=024  7\$aHI2011_008_01$2nyu-hidvl
=040  \\$aNNU$beng$cNNU
=041  0\$aspa
=043  \\$an-mx---
=079  \\$a(OCoLC)845246267
=245  00$aInterview with Jesusa Rodríguez$h[videorecording] :$bOn art and activism : Plantón 2006 (Mexico) /$cHemispheric Institute of Performance and Politics, producer.
=246  30$aJesusa Rodríguez :$bOn art and activism : Plantón 2006 (Mexico)
=246  30$aOn art and activism : Plantón 2006 (Mexico)
=246  30$aPlantón 2006 (Mexico)
=260  \\$c2010 Aug.
=300  \\$3viewing copy.$a1 videodisc of 1 (DVD) (24 min., 14 sec.) :$bsd., col. ;$c4 3/4 in.
=490  1\$aHemispheric Institute featured interviews
=546  \\$aIn Spanish.
=500  \\$aTitle supplied by Hemispheric Institute.
=500  \\$aPart of the Hemispheric Institute Digital Video Library.
=518  \\$aRecorded at the San Cristóbal de las Casas, Chiapas, México, in August 2010.
=511  1\$aJesusa Rodríguez, interviewee ; Diana Taylor, interviewer.
=520  \\$aInterview with Jesusa Rodríguez, conducted by Diana Taylor, founding director of the Hemispheric Institute of Performance and Politics. In this interview, Jesusa Rodríguez talks about the relationship between her experience in theater and cabaret, and her political commitment as an activist. She considers that cabaret provides improvisation as a training tool to exercise negotiation and risk. Also, the immediate response of the audience transforms the artist into a medium that conveys what the public feels and thinks; in this sense, cabaret is a space both to become aware of the current political situation and to foresee what could be upcoming, which engenders a more participative audience. Jesusa Rodríguez and her Resistencia Creativa movement organized a massive ‘plantón’ (sit-in) in Mexico City’s Zócalo (main square) to protest against the controversial results of the Presidential Elections in 2006. She brought together different groups and art expressions from a wide range of Mexican citizens and collaborators, and they presented different spectacles every day during this 40-days sit-in. This demonstration was an example of the art’s role in the struggle for a country’s transformation as well as an act of generosity and solidarity. Based on her ‘artivist’ experiences, Jesusa Rodríguez asks: how art and resistance transform and energize the people little by little every day?
=520  \\$aJesusa Rodríguez is Mexico’s most influential cabaret and political performance artist, and recipient of an Obie Award. Often referred to as a chameleon, Rodríguez moves seemingly effortlessly and with vigor across the spectrum of cultural forms, styles, and tones. Her work challenges traditional classification, crossing with ease generic boundaries: from elite to popular to mass; from Greek tragedy to cabaret; from pre-Columbian indigenous to opera; from revue, sketch and carpa, to performative acts within political projects. She ran the famous El Hábito in Mexico City with her partner, Liliana Felipe, where they staged hundreds of shows over the course of fifteen years. Most recently, she heads up the Resistencia Creativa movement in Mexico, whose key strategy is using ‘massive cabaret’ as a tool for political action.
=530  \\$aAlso available online as streaming video.
=534  \\$pMedia source original:$e1 videocassette of 1 (Mini DV) : sd., col. ; 1/4 in. SP.$mFujifilm miniDV ME DVM60
=540  \\$aThere are copyright restrictions on this collection. For more information, go to the online version of this video.
=600  10$aRodríguez, Jesusa$vInterviews.
=600  10$aRodríguez, Jesusa$xPolitical activity.
=650  \0$aPolitical activists$zMexico.
=650  \0$aPolitical participation$zMexico.
=610  10$aMexico.$bPresident$xContested elections.
=650  \0$aPresidents$zMexico$xElection$y2006.
=650  \0$aContested elections$zMexico.
=650  \0$aTheater and society$zMexico.
=651  \0$aMexico$xHistory$y21st century.
=655  \7$aInterview.$2nyu-hidvl
=700  1\$aRodríguez, Jesusa.$4ive
=700  1\$aTaylor, Diana,$d1950-$4ivr
=710  2\$aHemispheric Institute of Performance and Politics.$4pro
=710  2\$aHemispheric Institute Digital Video Library.
=830  \0$aHemispheric Institute featured interviews.
=852  \\$aNNU$bWEB$cGENI$mElectronic access
=856  40$uhttp://hdl.handle.net/2333.1/mw6m91wj$9WEB
=852  4\$aNNU$bBAFC$cAFC$jDVD 29485

