=LDR  03404cgm a2200541 a 4500
=001  003744008
=005  20140421210415.0
=006  m\\\\\\\\z\\\\\\\\
=007  vd\cvaizu
=007  cr\cna|||m|||a
=008  130425e201008uumx\009\\\\\\\\\\\\vlspa\d
=024  7\$aHI2011_009_01$2nyu-hidvl
=040  \\$aNNU$beng$cNNU
=041  0\$aspa
=043  \\$acl-----
=079  \\$a(OCoLC)845246362
=245  00$aInterview with God$h[videorecording] =$bEntrevista con dios /$cHemispheric Institute of Performance and Politics, producer.
=246  31$aEntrevista con dios
=260  \\$c2010 Aug.
=300  \\$3viewing copy.$a1 videodisc of 1 (DVD) (8 min., 19 sec.) :$bsd., col. ;$c4 3/4 in.
=490  1\$aHemispheric Institute featured interviews
=546  \\$aIn Spanish.
=500  \\$aTitle supplied by Hemispheric Institute.
=500  \\$aPart of the Hemispheric Institute Digital Video Library.
=518  \\$aRecorded at the San Cristóbal de las Casas, Chiapas, México, in August 2010.
=511  1\$aJesusa Rodríguez, performer, interviewee ; Marcial Godoy-Anativia, interviewer.
=520  \\$aInterview with God, conducted by Marcial Godoy-Anativia, associate director of the Hemispheric Institute of Performance and Politics. In this exclusive interview, God’s only incarnation on Earth discusses creation and creativity, sexuality and tongues, lack of reason and politics, priests and children, and even takes a minute to come out of the closet.
=520  \\$aJesusa Rodríguez is Mexico’s most influential cabaret and political performance artist, and recipient of an Obie Award. Often referred to as a chameleon, Rodríguez moves seemingly effortlessly and with vigor across the spectrum of cultural forms, styles, and tones. Her work challenges traditional classification, crossing with ease generic boundaries: from elite to popular to mass; from Greek tragedy to cabaret; from pre-Columbian indigenous to opera; from revue, sketch and carpa, to performative acts within political projects. She ran the famous El Hábito in Mexico City with her partner, Liliana Felipe, where they staged hundreds of shows over the course of fifteen years. Most recently, she heads up the Resistencia Creativa movement in Mexico, whose key strategy is using ‘massive cabaret’ as a tool for political action.
=530  \\$aAlso available online as streaming video.
=534  \\$pMedia source original:$e1 videocassette of 1 (Mini DV) : sd., col. ; 1/4 in. SP.$mPanasonic DVM60
=540  \\$aThere are copyright restrictions on this collection. For more information, go to the online version of this video.
=600  10$aRodríguez, Jesusa$vInterviews.
=650  \0$aGod$vHumor.
=650  \0$aReligion and politics.
=650  \0$aReligion and culture.
=650  \0$aWit and humor$xReligious aspects.
=610  20$aCatholic Church$zLatin America.
=650  \0$aPolitical participation.
=655  \7$aInterview.$2nyu-hidvl
=655  \7$aPerformance.$2nyu-hidvl
=700  1\$aRodríguez, Jesusa.$4prf$4ive
=700  1\$aGodoy-Anativia, Marcial.$4ivr
=710  2\$aHemispheric Institute of Performance and Politics.$4pro
=710  2\$aHemispheric Institute Digital Video Library.
=830  \0$aHemispheric Institute featured interviews.
=852  \\$aNNU$bWEB$cGENI$mElectronic access
=856  40$uhttp://hdl.handle.net/2333.1/h44j11cf$9WEB
=852  4\$aNNU$bBAFC$cAFC$jDVD 29486

