=LDR  03881ngm a2200505 i 4500
=001  006207509
=005  20180615153143.0
=006  m\\\\\\\\c\\\\\\\\
=007  cr\cna|||m|||a
=008  180615e20100622nyu004\\\\\\\\s\\\vleng\d
=024  7\$aHI2017_028_01$2nyu-hidvl
=040  \\$aNNU$beng$cNNU
=041  0\$aeng
=043  \\$an-us-ny
=100  1\$aScott, Dread,$ecreator,$eperformer.
=245  10$aDread Scott's Money to Burn /$cDread Scott, creator.
=246  30$aMoney to Burn
=260  \\$c2010 June 22.
=300  \\$3viewing copy.$astreaming video (3 min., 27 sec.) :$bsd., col.
=490  1\$aFranklin Furnace: Performance and Politics Collection
=500  \\$aTitle supplied by the Hemispheric Institute.
=546  \\$aIn English.
=500  \\$aPart of the Hemispheric Institute Digital Video Library.
=511  0\$aDread Scott, performer.
=518  \\$aFilmed on June 22, 2010 in Wall Street, New York, New York, USA.
=520  \\$aDread Scott's performance intervention Money to Burn (2010) challenges the politics of capitalism. Performed on Wall Street in New York City, Scott repeatedly sings the phrase "Money to burn" while lighting currency on fire. The currency Scott burns includes his personal money, grant money awarded by Franklin Furnace, and donated money from pedestrians. His gesture of burning money--an action that is considered a crime in the United States under Title 18, Section 333--illuminates the epidemic of income inequality and signals for an economic system not based on profit. It is important to note that the currency Scott burns is not exchanged for any goods or services. Rather, the pyre of dollar bill ashes that form throughout the intervention becomes a site for the public to imagine an economy outside of capital gain.
=520  \\$aDread Scott makes revolutionary art to propel history forward. Scott works in a range of media including performance, installation, photography, screen-printing, and video. His artwork illuminates the oppressive structures forged by society and challenges the audience to envision a world where justice prevails. Scott has exhibited at Cristin Tierney Gallery, MoMA PS1, Whitney Museum of American Art, Winkleman Gallery, Walker Art Center, Contemporary Arts Museum Houston, and Pori Art Museum. He has presented Dread Scott: Welcome to America (2008) at the Museum of Contemporary African Diasporan Arts, and Dread Scott: Decision (2012) at the Brooklyn Academy of Music as part of the Next Wave Festival. Scott's artwork is included in collections at the New Museum, Whitney Museum of American Art, and Akron Art Museum. His public sculptures are installed at Logan Square in Philadelphia and Franconia Sculpture Park in Minnesota. He has received grants from Creative Capital Foundation, Franklin Furance, and Pollock-Krasner Foundation. Scott has also been awarded fellowships for his work from the New York Foundation for the Arts. He has been an Artist-in-Residence at OMI International Arts Center and Lower Manhattan Cultural Council.$uwww.dreadscott.net
=540  \\$aThere are copyright restrictions on this collection. For more information, go to the online version of this video.
=600  10$aScott, Dread.
=650  \0$aPerformance art$xPolitical aspects.
=650  \0$aMoney in art.
=650  \0$aMoney$xEconomic aspects.
=650  \0$aMoney$xSocial aspects.
=650  \0$aMoney$xPolitical aspects.
=650  \0$aCapitalism.
=651  \0$aWall Street (New York, N.Y.)
=653  \\$aIncome inequality
=653  \\$a3
=655  \7$aFilmed performances.$2lcgft
=655  \7$aPerformance art.$2nyu-hidvl
=655  \7$aPerformance.$2nyu-hidvl
=655  \7$aStreet performance.$2nyu-hidvl
=655  \7$aStreet intervention.$2nyu-hidvl
=710  2\$aHemispheric Institute Digital Video Library.
=830  \0$aFranklin Furnace: performance and politics collection.

