=LDR  03056ngm a2200349   4500
=001  005057188
=005  20170725145347.0
=006  m\\\\\\\\c\\\\\\\\
=007  cr\cna|||m|||a
=008  170619s2011\\\\xxu004\\\\\\\\s\\\vlspa\d
=024  7\$aHI2014_044_01$2nyu-hidvl
=040  \\$aNNU$beng$cNNU
=041  0\$aspa$jeng
=245  00$aMariachi homage to Chicano troops in Vietnam /$cValor Latino, creator.
=260  \\$c2011.
=300  \\$3viewing copy.$astreaming video (3 min., 18 sec.) :$bsd., col.
=490  1\$aLos Cenzontles Collection
=500  \\$aTitle supplied by the Hemispheric Institute.
=546  \\$aIn Spanish with English subtitles.
=500  \\$aPart of the Hemispheric Institute Digital Video Library.
=511  0\$aLuis Cacho, singer.
=518  \\$aFilmed in 2011.
=520  \\$aVideo by Los Cenzontles featuring Luis Cacho's ‘Adios a Mi Novia’ (Goodbye to My Girlfriend). The song shares a story of a male lover saying goodbye to his girlfriend, given that he has to go and fight in the Vietnam War. Luis Cacho performed this song in Vietnam for Chicano troops to honor them and the women they had left behind.
=520  \\$aLos Cenzontles is a band, a nonprofit organization, a music academy, a community space for youth and families, and a hub for Latino artists. Since 1989 Los Cenzontles has produced original music, videos, and educational tools, playing a central role in the Mexican roots revival in the United States. Throughout more than 25 years of constant work, Los Cenzontles has shared its founder Eugene Rodriguez’ vision: that young people empowered as artists and teachers can build upon the past to create a better future. Los Cenzontles remains unique among nonprofits nationally in demonstrating the potential of Latino cultural programming and production to transform individuals and communities from within. Over the years, the academy has served immigrant children, third-generation Mexican Americans as well as children who are mixed and from various ethnic backgrounds. The band has recorded songs that capture the poetry of the indigenous Purépecha language and composed music aimed to inspire and rally the community toward empowerment and engagement and against contemporary injustices. Los Cenzontles has broadcast its journey via its documentary series, web-based video shorts, and ‘digital scrapbooks’ aimed at capturing the first person stories of resilience by Mexican American music- and culture-makers. These media productions combine music videos and interviews to highlight themes of inclusion, education, and social justice.
=534  \\$pMedia source original:$e1 digital video.
=540  \\$aThere are copyright restrictions on this collection. For more information, go to the online version of this video.
=650  \0$aVietnam War, 1961-1975$xParticipation, Mexican American.
=655  \7$aMusic videos.$2lcgft
=710  2\$aValor Latino,$ecreator.
=700  1\$aCacho, Luis,$esinger.
=710  2\$aHemispheric Institute Digital Video Library.
=830  \0$aCenzontles collection.

