=LDR  03558cgm a2200469 a 4500
=001  003756353
=005  20140421214035.0
=006  m\\\\\\\\c\\\\\\\\
=007  cr\cna|||m|||a
=008  130605e20110529cr\013\\\\\\\\s\\\vlspa\d
=024  7\$aHI2011_047_01$2nyu-hidvl
=040  \\$aNNU$beng$cNNU
=041  0\$aspa
=043  \\$an-mx---
=245  00$aInterview with Petrona de la Cruz Cruz$h[videorecording] /$cHemispheric Institute of Performance and Politics, producer.
=246  30$aPetrona de la Cruz Cruz
=260  \\$c2011 May 29.
=300  \\$3viewing copy.$a1 streaming video (12 min., 15 sec.) :$bsd., col.
=490  1\$aHemispheric Institute featured interviews
=546  \\$aIn Spanish.
=500  \\$aTitle supplied by Hemispheric Institute.
=500  \\$aPart of the Hemispheric Institute Digital Video Library.
=518  \\$aRecorded in San José, Costa Rica, on May 29, 2011.
=511  1\$aPetrona de la Cruz Cruz, interviewee ; Diana Taylor, interviewer.
=520  \\$aIn this interview, conducted by Diana Taylor, founding director of the Hemispheric Institute of Performance and Politics, Petrona de la Cruz Cruz talks about her beginnings in the fields of acting and writing, as well as her understanding of the role of performing art both in her life and in society. She highlights the adverse circumstances that she had to deal with, because of the fact of being an indigenous woman.
=520  \\$aPetrona de la Cruz Cruz was born in Zinacantán, Chiapas, México, on September 23, 1965. In 1989, she began participating in theatre productions and writing plays with Sna Jtz’ibajom (The Writer’s House). She has participated in local, national and international conferences. Along with her theatre work, she was awarded the Chiapas Prize for Literature in 1992. In 1993, she worked with reading programs in indigenous-community schools, and that same year she created an itinerant theatre piece in order to raise funds to found FOMMA. In 1994, she founded FOMMA with Isabel Juarez Espinoza, where she continues to write plays and participate in theatre productions with other women. Her publications include ‘La Mujer zinacanteca en la vida cotidiana,’ ‘La desconfiada,’ ‘Soy tzotzil, ‘ and ‘Una Mujer Desesperada.’ Cruz was one of the first indigenous women engaged in dramaturgy and stage acting. She has also participated in diverse acting and directing workshops in the United States with Doris Difarnecio, Amy Trompetter, and Paty Hernandez. She is currently a board member of the Hemispheric Institute of Performance and Politics.
=530  \\$aAlso available online as streaming video.
=534  \\$pMedia source original:$e1 videocassette of 1 (Mini DV) : sd., col. ; 1/4 in. SP.$mPanasonic DVM60
=540  \\$aThere are copyright restrictions on this collection. For more information, go to the online version of this video.
=600  10$aCruz Cruz, Petrona de la,$d1965-$vInterviews.
=650  \0$aDramatists, Mexican$vInterviews.
=610  20$aFortaleza de la Mujer Maya (Organization)
=650  \0$aWomen's rights$zMexico.
=650  \0$aCommunity theater$zMexico.
=655  \7$aInterview.$2nyu-hidvl
=700  1\$aCruz Cruz, Petrona de la,$d1965-$4ive
=700  1\$aTaylor, Diana,$d1950-$4ivr
=710  2\$aHemispheric Institute of Performance and Politics.$4pro
=710  2\$aHemispheric Institute Digital Video Library.
=830  \0$aHemispheric Institute featured interviews.
=852  \\$aNNU$bWEB$cGENI$mElectronic access
=856  40$uhttp://hdl.handle.net/2333.1/c866t343$9WEB

