=LDR  03606ngm a2200385 a 4500
=001  003992007
=005  20140601140733.0
=006  m\\\\\\\\c\\\\\\\\
=007  cr\cna|||m|||a
=008  140522e20111118nyu014\\\\\\\\s\\\vlspa\d
=024  7\$aHI2011_051_01$2nyu-hidvl
=040  \\$aNNU$beng$cNNU
=041  0\$aspa
=245  00$aInterview with Soledad Falabella$h[videorecording] /$cHemispheric Institute of Performance and Politics, producer.
=260  \\$c2011 Nov. 18.
=300  \\$3viewing copy.$astreaming video (13 min., 31 sec.) :$bsd., col.
=490  1\$aInterview series : What is Performance Studies?
=500  \\$aTitle supplied by the Hemispheric Institute.
=546  \\$aIn Spanish.
=500  \\$aPart of the Hemispheric Institute Digital Video Library.
=511  0\$aSoledad Falabella, interviewee ; Diana Taylor, interviewer.
=518  \\$aRecorded at the Hemispheric Institute in New York City, on Nov. 18, 2011.
=520  \\$aInterview with Soledad Falabella, conducted by Diana Taylor, founding director of the Hemispheric Institute of Performance and Politics. This interview is a part of a series curated by the Hemispheric Institute, articulated around the question "What is Performance Studies?" The series aims to provide a multifaceted approach to the often difficult task of defining the coordinates of both a field of academic study as well as alens through which to assess and document cultural practice and embodied behavior. The contingent definitions documented in this series are based onthe groundbreaking experiences and the scholarly endeavors of renowned figures in contemporary performance studies and practice.
=520  \\$aSoledad Falabella Luco (Universidad de Chile, Universidad DiegoPortales) received her Ph.D. in Hispanic Languages and Literatures from UC Berkeley in 2001. She is the director of ESE:O, a Non-profit Organization that promotes collaborative writing projects, in order to strengthen communities’ local and global participation. Falabella Luco has taught and researched internationally. As a "scholar and cultural activist", her commitment is to develop creative ways to promote social change, combining pedagogy, scholarship, activism, and arts. Some of her books are ¿Qué será de Chile en el cielo? Poema de Chile de Gabriela Mistral (LOM Santiago, Chile, 2003); Hilando en la memoria: Curriao, Huinao, Millapan, Manquepillan, Panchillo, Pinda, Rupailaf (co-editor), the first anthologyof Mapuche women poets (Cuarto Propio, Santiago, Chile, 2006), and Hilandoen la Memoria, Epu Rupa (Cuarto Propio, Santiago, 2009); Cantando lainfancia, Chile y la tierra Americana (Ministerio de Educación, Santiago,Chile, 2007); Competencias para el México que queremos. Evaluación PISA (SEP: Mexico City, Mexico, 2009), a manual for literacy and critical thinking for teachers and students working in Mexico’s public education system.
=534  \\$pMedia source original:$e1 videocassette (Mini DV) : sd., col. ; 1/4 in. SP.$mSony Premium DVM60-ME.
=540  \\$aThere are copyright restrictions on this collection. For more information, go to the online version of this video.
=600  10$aFalabella, Soledad$vInterviews.
=650  \0$aPerforming arts$xStudy and teaching.
=653  \\$aPerformance studies
=655  \7$aInterview.$2nyu-hidvl
=700  1\$aFalabella, Soledad,$einterviewee.
=700  1\$aTaylor, Diana,$d1950-$einterviewer.
=710  2\$aHemispheric Institute of Performance and Politics,$eproducer.
=710  2\$aHemispheric Institute Digital Video Library.
=830  \0$aInterview series : What is performance studies?

