=LDR  04588cgm a2200469 a 4500
=001  003798499
=005  20140421221202.0
=006  m\\\\\\\\z\\\\\\\\
=007  vd\cvaizu
=007  cr\cna|||m|||a
=008  130820e20110613nyu077\\\\\\\\\\\\vleng\d
=024  7\$aHI2012_016_01$2nyu-hidvl
=024  7\$aHI2012_017_01$2nyu-hidvl
=040  \\$aNNU$beng$cNNU
=041  0\$aeng$aspa
=245  00$aImagiNation$h[videorecording] :$ban evening with Guillermo Gómez-Peña with special performance by Susana Cook /$cHemispheric Institute of Performance and Politics, producer ; Guillermo Gómez-Peña, creator ; Susana Cook, creator.
=260  \\$c2011 June 13.
=300  \\$3viewing copy.$a2 videodiscs of 2 (DVD) (76 min., 59 sec.: pt.1, 59 min., 8 sec.; pt.2, 17 min., 51 sec.) :$bsd., col. ;$c4 3/4 in.
=490  1\$aHemispheric Institute archive
=546  \\$aIncludes English and Spanish.
=500  \\$aTitle supplied by Hemispheric Institute.
=500  \\$aPart of the Hemispheric Institute Digital Video Library.
=518  \\$aPerformed at La MaMa E.T.C. in New York City on June 13, 2011.
=511  1\$aGuillermo Gómez-Peña, Susana Cook, performers.
=520  \\$aMexican performance artist, writer and director of the infamous La Pocha Nostra performance troupe, Gómez-Peña, appears in New York to perform reinterpretations from his ever-evolving ‘living archive’ as well as new works. But first, playwright goddess and performer Susana Cook delivers a philosophical-metaphysical-earthly discourse on the interplays between life, faith, love, and a bowl of cheerios.
=520  \\$aGuillermo Gómez-Peña is a performance artist/writer and the director of the transnational arts collective La Pocha Nostra. He was born in Mexico City and came to the US in 1978. Since then he has been exploring cross-cultural issues with the use of performance, multilingual poetry, journalism, video, radio, and installation art. His performance work and eight books have contributed to the debates on cultural diversity, identity, and US-Mexico relations. His artwork has been presented at over seven hundred venues across the US, Canada, Latin America, Europe, Russia and Australia. He is a MacArthur Fellow, American Book Award winner, and a Senior Fellow of the Hemispheric Institute of Performance and Politics. He is a regular contributor to National Public Radio, a writer for newspapers and magazines in the US, Mexico, and Europe, and a contributing editor to The Drama Review (NYU-MIT).
=520  \\$aSusana Cook is a New York based Argentine playwright, performer, and director. She has presented her work as an independent artist for over 20 years. Her work has been presented in numerous performance spaces in New York City, including Dixon Place, PS. 122, W.O.W Cafe Theater, Ubu Rep, Theater for the New City, The Puffin Room and The Kitchen. She has also performed internationally in Spain, France, India, Argentina, Colombia, Ecuador, Canada and at several colleges and universities around the country. Some of her latest shows are include ‘Homeland Insecurities, ‘The Idiot King,’ ‘The Values Horror Show,’ ‘100 Years of Attitude,’ ‘Dykenstein,’ ‘Hamletango,’ ‘Prince of Butches,’ ‘Gross National Product,’ ‘Hot Tamale,’ ‘Conga Guerrilla Forest,’ ‘The Fraud,’ ‘Butch Fashion Show in the Femme Auto Body Shop,’ ‘Rats and Tango Lesbiango,’ and most recently, ‘The Homophobes.’ She is the recipient of several fellowships and awards from the New York Foundation for the Arts, Arts International, Astraea Lesbian Foundation for Justice, The Franklin Furnace Archives, The Puffin Foundation and INTAR.
=530  \\$aAlso available online as streaming video.
=534  \\$pMedia source original:$e2 videocassettes of 2 (Mini DV) : sd., col. ; 1/4 in. SP.$mPanasonic DVM60
=540  \\$aThere are copyright restrictions on this collection. For more information, go to the online version of this video.
=650  \0$aBilingualism$xPolitical aspects.
=650  \0$aPerformance art$zUnited States$xSocial aspects.
=650  \0$aPerformance artists$xPolitical aspects.
=655  \7$aPerformance.$2nyu-hidvl
=655  \7$aSpoken word.$2nyu-hidvl
=700  1\$aGómez-Peña, Guillermo.$4cre$4prf
=700  1\$aCook, Susana.$4cre$4prf
=710  2\$aHemispheric Institute of Performance and Politics.$4pro
=710  2\$aHemispheric Institute Digital Video Library.
=830  \0$aHemispheric Institute archive.
=852  \\$aNNU$bWEB$cGENI$mElectronic access
=856  40$uhttp://hdl.handle.net/2333.1/mgqnkc22$9WEB

