=LDR  03595ngm a2200433   4500
=001  005054626
=005  20170929120706.0
=006  m\\\\\\\\c\\\\\\\\
=007  cr\cna|||m|||a
=008  170614e20111012cau019\\\\\\\\s\\\vleng\d
=024  7\$aHI2014_034_01$2nyu-hidvl
=040  \\$aNNU$beng$cNNU
=041  0\$aeng$aspa
=245  00$aEmbracing the velocity of change.
=246  3\$aGIA conference
=260  \\$c2011 Oct. 12.
=300  \\$3viewing copy.$astreaming video (18 min., 3 sec.) :$bsd., col.
=490  1\$aLos Cenzontles Collection
=546  \\$aIncludes English and Spanish.
=500  \\$aTitle supplied by the Hemispheric Institute.
=500  \\$aPart of the Hemispheric Institute Digital Video Library.
=511  0\$aLinda Ronstadt, David Hidalgo, Eugene Rodriguez and Los Cenzontles, presenters.
=518  \\$aRecorded October 12, 2011, at the Grantmakers in the Arts Conference, "Embracing the Velocity of Change", Fairmont, San Francisco, California,
=520  \\$aOn October 12, 2011 Linda Ronstadt, David Hidalgo of Los Lobos, and Eugene Rodriguez and Los Cenzontles presented the closing keynote address at the Grantmakers in the Arts Conference in San Francisco. In the keynote Eugene Rodríguez reflected upon the context that gave rise to the creation of Los Cenzontles and the importance of art education to explore, to preserve, and to generate cultural practices.
=520  \\$aLos Cenzontles is a band, a nonprofit organization, a music academy, a community space for youth and families, and a hub for Latino artists. Since 1989 Los Cenzontles has produced original music, videos, and educational tools, playing a central role in the Mexican roots revival in the United States. Throughout more than 25 years of constant work, Los Cenzontles has shared its founder Eugene Rodriguez’ vision: that young people empowered as artists and teachers can build upon the past to create a better future. Los Cenzontles remains unique among nonprofits nationally in demonstrating the potential of Latino cultural programming and production to transform individuals and communities from within. Over the years, the academy has served immigrant children, third-generation Mexican Americans as well as children who are mixed and from various ethnic backgrounds. The band has recorded songs that capture the poetry of the indigenous Purépecha language and composed music aimed to inspire and rally the community toward empowerment and engagement and against contemporary injustices. Los Cenzontles has broadcast its journey via its documentary series, web-based video shorts, and ‘digital scrapbooks’ aimed at capturing the first person stories of resilience by Mexican American music- and culture-makers. These media productions combine music videos and interviews to highlight themes of inclusion, education, and social justice.
=534  \\$pMedia source original:$e1 digital video.
=540  \\$aThere are copyright restrictions on this collection. For more information, go to the online version of this video.
=610  20$aCenzontles (Musical group)
=650  \0$aArts$xStudy and teaching$vCongresses.
=650  \0$aNonprofit organzations$vCongresses.
=655  \7$aKeynote address.$2hidvl
=655  \7$aFilmed speeches.$2lcgft
=700  1\$aRonstadt, Linda,$epanalist.
=700  1\$aHidalgo, David,$epanelist.
=700  1\$aRodriguez, Eugene,$epanelist.
=710  2\$aCenzontles (Musical group),$epanelist.
=710  2\$aGrantmakers in the Arts (Organization)
=710  2\$aHemispheric Institute Digital Video Library.
=830  \0$aCenzontles collection.

