=LDR  03386ngm a2200421   4500
=001  005057845
=005  20171016085534.0
=006  m\\\\\\\\c\\\\\\\\
=007  cr\cna|||m|||a
=008  170622s2012\\\\xxu003\\\\\\\\s\\\vleng\d
=024  7\$aHI2014_051_01$2nyu-hidvl
=040  \\$aNNU$beng$cNNU
=041  0\$aeng
=043  \\$an-us---$an-mx---
=245  04$aThe Silence /$cLos Cenzontles, producer ; Kevin Castro, video director.
=260  \\$c2012.
=300  \\$3viewing copy.$astreaming video (2 min., 42 sec.) :$bsd., col.
=490  1\$aLos Cenzontles Collection
=546  \\$aIn English.
=500  \\$aTitle supplied by the Hemispheric Institute.
=500  \\$aPart of the Hemispheric Institute Digital Video Library.
=511  0\$aDavid Hidalgo and Jackson Browne, singers.
=518  \\$aRecorded in 2012.
=520  \\$aFeaturing David Hidalgo and Jackson Browne, The Silence narrates the impact that drug lords and the narcos have in youth’s fate. Through a brief and heartbreaking story, Los Cenzontles confronts the viewer with a reality in which a new generation of Mexicans is being swept up into the country's drug war as both killers and victims.
=520  \\$aLos Cenzontles is a band, a nonprofit organization, a music academy, a community space for youth and families, and a hub for Latino artists. Since 1989 Los Cenzontles has produced original music, videos, and educational tools, playing a central role in the Mexican roots revival in the United States. Throughout more than 25 years of constant work, Los Cenzontles has shared its founder Eugene Rodriguez’ vision: that young people empowered as artists and teachers can build upon the past to create a better future. Los Cenzontles remains unique among nonprofits nationally in demonstrating the potential of Latino cultural programming and production to transform individuals and communities from within. Over the years, the academy has served immigrant children, third-generation Mexican Americans as well as children who are mixed and from various ethnic backgrounds. The band has recorded songs that capture the poetry of the indigenous Purépecha language and composed music aimed to inspire and rally the community toward empowerment and engagement and against contemporary injustices. Los Cenzontles has broadcast its journey via its documentary series, web-based video shorts, and ‘digital scrapbooks’ aimed at capturing the first person stories of resilience by Mexican American music- and culture-makers. These media productions combine music videos and interviews to highlight themes of inclusion, education, and social justice.
=534  \\$pMedia source original:$e1 digital file.
=540  \\$aThere are copyright restrictions on this collection. For more information, go to the online version of this video.
=650  \0$aDrug traffic$xSocial aspects$zMexican-American Border Region.
=650  \0$aYouth and violence$zMexican-American Border Region.
=650  \0$aViolence$zMexican-American Border Region.
=650  \0$aHuman rights$zMexican-American Border Region.
=655  \7$aMusic videos.$2lcgft
=710  2\$aCenzontles (Musical group),$eproducer.
=700  1\$aCastro, Kevin,$evideo director.
=700  1\$aHidalgo, David,$esinger.
=700  1\$aBrowne, Jackson,$esinger.
=710  2\$aHemispheric Institute Digital Video Library.
=830  \0$aCenzontles collection.

