=LDR  03910ngm a2200553   4500
=001  004319783
=005  20160629154445.0
=006  m\\\\\\\\c\\\\\\\\
=007  cr\cna|||m|||a
=008  160625e20121211nyu098\\\\\\\\s\\\vleng\d
=024  7\$aHI2014_095_01$2nyu-hidvl
=040  \\$aNNU$beng$cNNU
=041  0\$aeng
=043  \\$an-us---
=245  00$aDan Fishback$h[videorecording] :$bProstalgia /$cHemispheric Institute of Performance and Politics, producer ; Dan Fishback, creator.
=246  3\$aProstalgia & Collective Protagonism :$bQueer Nationalist Suggestion
=260  \\$c2012 Dec 11.
=300  \\$3viewing copy.$astreaming video (98 min.) :$bsd., col.
=490  1\$aHemispheric Institute archive
=500  \\$aPart of the Hemispheric Institute Digital Video Library.
=500  \\$aTitle supplied by the Hemispheric Institute.
=511  0\$aDan Fishback, speaker.
=518  \\$aRecorded in New York City, USA on December 11, 2012.
=520  \\$aDan Fishback has been writing and performing in New York City since 2003. Major works include The Material World (2012), thirtynothing (2011) and You Will Experience Silence (2009), all directed by Stephen Brackett at Dixon Place. Fishback has received grants from the Franklin Furnace Fund (2010) and the Six Points Fellowship for Emerging Jewish Artists (2007-2009). He is also the director of the Helix Queer Performance Network, a collaboration between La MaMa Experimental Theater Club, the Hemispheric Institute of Performance & Politics, and BAX/Brooklyn Arts Exchange and he curates a wide variety of public programming, including the annual performance series La MaMa's SQUIRTS. Fishback frequently teaches workshops on performance composition and queer performance culture at BAX/Brooklyn Arts Exchange and other institutions and universities. He blogs at thematerialworld.tumblr.com.
=520  \\$aPerformance artist and playwright Dan Fishback works out some of his anxieties about queer history, gay representation, male protagonism, and the limits of the queer imagination in this vaguely academic (but not really) captial-T 'Talk,' theoretically leading toward some thoughts (and hopefully some revelations) about queer ennui, queer depression, and how the adult queer universe can strategize to prevent queer teenage suicide. Along the way, he discusses Lady Gaga, prostalgia (pro-active nostalgia), David Halperin's How to Be Gay, and Fishback's own book-in-progress, Thirtynothing, based on his solo performance of the same name. Thirtynothing explores the legacy of gay artists who died of AIDS in the 80s and 90s, and examines the generation gap between today's young gay men and the gay men who lived through the early years of the AIDS crisis.
=534  \\$pMedia source original:$e1 digital video.$m[no brand]
=540  \\$aThere are copyright restrictions on this collection. For more information, go to the online version of this video.
=546  \\$aIn English.
=650  \0$aSexual minorities.
=650  \0$aGay teenagers$xSocial conditions.
=650  \0$aGay teenagers$xSuicidal behavior.
=650  \0$aDepression in adolescence.
=650  \0$aGender identity$xPsychological aspects.
=650  \0$aBullying.
=650  \0$aStereotypes (Social psychology)
=650  \0$aHomophobia$xSocial aspects.
=650  \0$aGay community$xPublic opinion.
=650  \0$aProtagonists (Persons)
=600  00$aLady Gaga.
=650  \0$aGays in popular culture.
=650  \0$aAIDS (Disease) and the arts.
=650  \0$aAIDS (Disease)$zUnited States.
=653  \\$aSexual minorities––Representation––Protagonism
=653  \\$aLady Gaga––Diva––Gay icon
=655  \7$aArtist talk.$2nyu-hidvl
=700  1\$aFishback, Dan.$4cre
=710  2\$aHemispheric Institute of Performance and Politics.$4pro
=710  2\$aHemispheric Institute Digital Video Library.
=830  \0$aHemispheric Institute archive.

