=LDR  03300ngm a2200373   4500
=001  005057202
=005  20170727111343.0
=006  m\\\\\\\\c\\\\\\\\
=007  cr\cna|||m|||a
=008  170619s2012\\\\xxu004\\\\\\\\s\\\vleng\d
=024  7\$aHI2014_045_01$2nyu-hidvl
=040  \\$aNNU$beng$cNNU
=041  0\$aeng
=245  00$aNo politics /$cLos Cenzontles, producer.
=260  \\$c2012.
=300  \\$3viewing copy.$astreaming video (3 min., 21 sec.) :$bsd., col.
=490  1\$aLos Cenzontles Collection
=500  \\$aTitle supplied by the Hemispheric Institute.
=546  \\$aIn English.
=500  \\$aPart of the Hemispheric Institute Digital Video Library.
=511  0\$aLos Cenzontles, David Hidalgo, Elvin Bishop, performers.
=518  \\$aFilmed in 2012.
=520  \\$aMusic video by Los Cenzontles performing a Mexican-folk rock song in their studio. The video is juxtaposed with footage from early 20th century U.S. cinema and cartoons - another example of Los Cenzontles’ eclectic work. The video ends with two female members of Los Cenzontles holding a sign that reads ‘Just Vote.’ This video was made during the 2012 U.S. Presidential Elections: an election in which the Latino vote was key in Obama's re-election.
=520  \\$aLos Cenzontles is a band, a nonprofit organization, a music academy, a community space for youth and families, and a hub for Latino artists. Since 1989 Los Cenzontles has produced original music, videos, and educational tools, playing a central role in the Mexican roots revival in the United States. Throughout more than 25 years of constant work, Los Cenzontles has shared its founder Eugene Rodriguez’ vision: that young people empowered as artists and teachers can build upon the past to create a better future. Los Cenzontles remains unique among nonprofits nationally in demonstrating the potential of Latino cultural programming and production to transform individuals and communities from within. Over the years, the academy has served immigrant children, third-generation Mexican Americans as well as children who are mixed and from various ethnic backgrounds. The band has recorded songs that capture the poetry of the indigenous Purépecha language and composed music aimed to inspire and rally the community toward empowerment and engagement and against contemporary injustices. Los Cenzontles has broadcast its journey via its documentary series, web-based video shorts, and ‘digital scrapbooks’ aimed at capturing the first person stories of resilience by Mexican American music- and culture-makers. These media productions combine music videos and interviews to highlight themes of inclusion, education, and social justice.
=534  \\$pMedia source original:$e1 digital file.
=540  \\$aThere are copyright restrictions on this collection. For more information, go to the online version of this video.
=651  \0$aMexican-American Border Region$xPolitics and government$y21st century.
=651  \0$aMexican-American Border Region$xSocial conditions.
=655  \7$aMusic videos.$2lcgft
=710  2\$aCenzontles (Musical group),$eperformer.
=700  1\$aHidalgo, David,$eperformer.
=700  1\$aBishop, Elvin,$eperformer.
=710  2\$aHemispheric Institute Digital Video Library.
=830  \0$aCenzontles collection.

