=LDR  04106ngm a2200433   4500
=001  004317453
=005  20160629153913.0
=006  m\\\\\\\\c\\\\\\\\
=007  cr\cna|||m|||a
=008  160620e20130113bl\037\\\\\\\\s\\\vlspa\d
=024  7\$aHI2014_056_01$2nyu-hidvl
=040  \\$aNNU$beng$cNNU
=041  0\$aspa$apor
=043  \\$as-bl---$as-pe---
=245  00$aMiguel Rubio & Antonio Araújo Artist Talk$h[videorecording] /$cHemispheric Institute of Performance and Politics, producer.
=246  3\$aArtist Lectures :$bAntonio Araújo (Teatro da Vertigem) & Miguel Rubio (Grupo Cultural Yuyachkani)
=260  \\$c2013 Jan. 13.
=300  \\$3viewing copy.$astreaming video (36 min., 18 sec.) :$bsd., col.
=500  \\$aTitle supplied by the Hemispheric Institute.
=500  \\$aPart of the Hemispheric Institute Digital Video Library.
=511  0\$aAntonio Araújo and Miguel Rubio, presenters.
=518  \\$aRecorded in São Paulo, Brazil on January 13, 2013.
=520  \\$aThe 8th Encuentro of the Hemispheric Institute sought to examine the broad intersections between urban space, performance and political/artistic action in the Americas. From the critical poetics of body art to the occupation of public space by social movements, the event invited participants to explore the borders, identities and practices through which subjectivities, hegemonies and counter-hegemonies are constructed in the spaces of the city and beyond. Antonio Araújo's lecture is a discussion of theatrical experiments performed in streets and public spaces of the São Paulo neighborhood of Bom Retiro during the creative process of Teatro da Vertigem's Bom Retiro 958 Metros. From the practice of the situationist-inspired dérive used as a device for field research, to improvisations, to urban games conducted in the open and in dialogue with architecture and the layout of the neighborhood - Teatro da Vertigem's whole process was marked by experiences of urban intervention. Miguel Rubio's lecture explores how dramatic languages expand and invade public space, converging with citizen actions. To this end, he looks at several recent artistic proposals that act on and in public spaces - inserting themselves into social processes in the context of contemporary Peruvian society.
=520  \\$aAntonio Araújo is Artistic Director of Teatro da Vertigem and Professor in the Department of Performing Arts of ECA-USP. With Teatro da Vertigem, he has directed O Paraíso Perdido; O Livro de Jó; Apocalipse 1, 11; BR-3; Bom Retiro 958 Metros, among other works. He has been invited to teach on site specific and urban performance internationally. He was awarded the Golden Medal in the category of Best Realization of a Production for BR-3, in the Prague Quadrennial 2011. Miguel Rubio is a director, theater researcher, and founding member of Grupo Cultural Yuyachkani. His most recent directions include: Con-cierto Olvido (2010); El último ensayo (2008); Sin Título-técnica mixta (2004); Hecho en el Perú-Vitrinas para un Museo de la Memoria (2001). He is also author of Raíces y semillas: Maestros y caminos del teatro en América Latina (2011), Notas sobre el teatro (2001) and El cuerpo ausente (2008).
=534  \\$pMedia source original:$e1 digital video.$m[no brand]
=540  \\$aThere are copyright restrictions on this collection. For more information, go to the online version of this video.
=546  \\$aIncludes Spanish and Portuguese.
=650  \0$aStreet theater$zBrazil$zSão Paulo.
=650  \0$aPublic spaces.
=650  \0$aTheater$zPeru.
=650  \0$aArt$xPolitical aspects.
=653  \\$aUrban spaces--Performance--Activism.
=653  \\$aTheater, Contemporary--Peru.
=655  \7$aArtist lectures.$2nyu-hidvl
=700  1\$aAraújo, Antonio,$d1971-$4pre
=700  1\$aRubio, Miguel.$4pre
=710  2\$aHemispheric Institute of Performance and Politics.$4pro
=710  2\$aHemispheric Institute Digital Video Library.
=711  2\$aHemispheric Institute Encuentro$n(8th :$d2013 :$cSão Paulo, Brazil).$tCITIES | BODIES | ACTION : The politics of passion in the Americas.

