=LDR  02751ngm a2200397   4500
=001  004191852
=005  20151001151349.0
=006  m\\\\\\\\c\\\\\\\\
=007  cr\cna|||m|||a
=008  151001s2013\\\\xx\---\\\\\\\\s\\\vleng\d
=024  7\$aHI2014_092_01$2nyu-hidvl
=040  \\$aNNU$beng$cNNU
=041  0\$aeng
=245  00$aInterview with Catherine Cole$h[videorecording].
=246  30$aCatherine Cole
=260  \\$c2013.
=300  \\$3viewing copy.$astreaming video :$bsd., col.
=490  1\$aInterview series : What is performance studies?
=500  \\$aTitle supplied by the Hemispheric Institute.
=500  \\$aPart of the Hemispheric Institute Digital Video Library.
=511  0\$aCatherine Cole, interviewee ; Diana Taylor, interviewer.
=520  \\$aInterview with Catherine Cole, conducted by Diana Taylor, founding director of the Hemispheric Institute of Performance and Politics. This interview is a part of a series curated by the Hemispheric Institute, articulated around the question 'What is Performance Studies?' The series aims to provide a multifaceted approach to the often difficult task of defining the coordinates of both a field of academic study as well as a lens through which to assess and document cultural practice and embodied behavior. The contingent definitions documented in this series are based on the groundbreaking experiences and the scholarly endeavors of renowned figures in contemporary performance studies and practice.
=520  \\$aCatherine M. Cole is Professor and Chair of the Department of Theater, Dance, and Performance Studies at the University of California, Berkeley. She is the author of Performing South Africa’s Truth Commission: Stages of Transition (2010) and Ghana’s Concert Party Theatre (2001). Cole has co-edited the book Africa After Gender?, a special issue of Theatre Survey on ‘African and Afro-Caribbean Performance,’ a special issue of TDR: The Drama Review entitled ‘Routes of Blackface’ (2013) and she recently served as the editor of the journal Theatre Survey.
=534  \\$pMedia source original:$e[unknown]$m[brand unknown]
=540  \\$aThere are copyright restrictions on this collection. For more information, go to the online version of this video.
=546  \\$aIn English.
=600  10$aCole, Catherine M.$vInterviews.
=650  \0$aPerforming arts$xStudy and teaching.
=653  \\$aPerformance studies.
=655  \7$aInterview$2nyu-hidvl
=700  1\$aCole, Catherine M.$4ive
=700  1\$aTaylor, Diana,$d1950-$4ivr
=710  2\$aHemispheric Institute Digital Video Library.
=830  \0$aInterview series : What is performance studies?
=852  \\$aNNU$bWEB$cGENI$mElectronic access
=856  40$uhttp://hdl.handle.net/2333.1/69p8d1j4$9WEB

