=LDR  02915ngm a2200397   4500
=001  004319741
=005  20160629154301.0
=006  m\\\\\\\\c\\\\\\\\
=007  cr\cna|||m|||a
=008  160625e20130114bl\091\\\\\\\\s\\\vlspa\d
=024  7\$aHI2014_084_01$2nyu-hidvl
=040  \\$aNNU$beng$cNNU
=041  0\$aspa
=043  \\$anwpr---
=245  00$aTeresa Hernández$h[videorecording] :$bCoraje II /$cHemispheric Institute of Performance and Politics, producer ; Teresa Hernández, creator.
=246  31$aCourage II
=260  \\$c2013 Jan 14.
=300  \\$3viewing copy.$astreaming video (91 min.) :$bsd., col.
=500  \\$aPart of the Hemispheric Institute Digital Video Library.
=500  \\$aTitle supplied by the Hemispheric Institute.
=511  1\$aTeresa Hernández.
=518  \\$aPerformed in São Paulo, Brazil January 14, 2013.
=520  \\$aThe 8th Encuentro of the Hemispheric Institute sought to examine the broad intersections between urban space, performance and political/artistic action in the Americas. From the critical poetics of body art to the occupation of public space by social movements, the event invited participants to explore the borders, identities and practices through which subjectivities, hegemonies and counter-hegemonies are constructed in the spaces of the city and beyond. Courage II is a theater piece exploring urban violence in a country without a declared war, but whose citizens are nevertheless plagued by a paranoia generated by the security sector. This sector forcibly represses the memory of a militarized nation that has been involved in multiple wars, each financed by the arms market. The performance explores our own violence within this global context.
=520  \\$aTeresa Hernández is a theater artist with 25 years of experience in both research and practice at the intersections of dance, theater, and performance. Searching for new ways of making, narrating, and being on stage, she conducts comprehensive studies of the body, space, and text. Her work engages identity as a shifting terrain; art and its established canon; and violence and power with its mutiple faces and branches.
=534  \\$pMedia source original:$e1 digital video.$m[no brand]
=540  \\$aThere are copyright restrictions on this collection. For more information, go to the online version of this video.
=546  \\$aIn Spanish.
=650  \0$aViolence$zPuerto Rico.
=650  \0$aTheater$xPolitical aspects.
=650  \0$aArms transfers$xSocial aspects.
=653  \\$aWar––Arms market––Globalization
=655  \7$aPerformance.$2nyu-hidvl
=700  1\$aHernandez, Teresa.$4cre
=710  2\$aHemispheric Institute of Performance and Politics.$4pro
=710  2\$aHemispheric Institute Digital Video Library.
=711  2\$aHemispheric Institute Encuentro$n(8th :$d2013 :$cSão Paulo, Brazil).$tCITIES | BODIES | ACTION : The politics of passion in the Americas.

