=LDR  02736ngm a2200385   4500
=001  004319732
=005  20160629154111.0
=006  m\\\\\\\\c\\\\\\\\
=007  cr\cna|||m|||a
=008  160625e20130117bl\104\\\\\\\\s\\\vleng\d
=024  7\$aHI2014_075_01$2nyu-hidvl
=040  \\$aNNU$beng$cNNU
=041  0\$aeng
=043  \\$an-us---
=245  00$aMarc Bamuthi Joseph's The Spoken World$h[videorecording] /$cHemispheric Institute of Performance and Politics, producer ; Marc Bamuthi Joseph, creator.
=246  30$aSpoken World
=260  \\$c2013 Jan 17.
=300  \\$3viewing copy.$astreaming video (104 min.) :$bsd., col.
=500  \\$aTitle supplied by the Hemispheric Institute.
=500  \\$aPart of the Hemispheric Institute Digital Video Library.
=511  1\$aMarc Bamuthi Joseph, Tommy Shepherd.
=518  \\$aPerformed in São Paulo, Brazil on January 17, 2013.
=520  \\$aThe 8th Encuentro of the Hemispheric Institute sought to examine the broad intersections between urban space, performance and political/artistic action in the Americas. From the critical poetics of body art to the occupation of public space by social movements, the event invited participants to explore the borders, identities and practices through which subjectivities, hegemonies and counter-hegemonies are constructed in the spaces of the city and beyond. The Spoken World is a full evening of performance with United States Artists Rockefeller Fellow and 2011 Alpert Award winner Marc Bamuthi Joseph. Through choreopoem, Joseph articulates the story of achieving manhood in the United States through the lens of hip hop, global travel, and urban environmental health.
=520  \\$aMarc Bamuthi Joseph is one of America’s most vital voices in performance, arts education, and artistic curation. Joseph developed several poetry-based works for the stage including Word Becomes Flesh and Scourge. Joseph has appeared as a commentator on NPR, and carried adjunct professorships at Stanford University, Lehigh University, and the University of Wisconsin.
=534  \\$pMedia source original:$e1 digital video.$m[no brand]
=540  \\$aThere are copyright restrictions on this collection. For more information, go to the online version of this video.
=546  \\$aIn English.
=650  \0$aSpoken word poetry.
=650  \0$aHip-hop$zUnited States.
=650  \0$aMasculinity.
=655  \7$aPerformance.$2nyu-hidvl
=700  1\$aJoseph, Marc Bamuthi.$4cre
=710  2\$aHemispheric Institute of Performance and Politics.$4pro
=710  2\$aHemispheric Institute Digital Video Library.
=711  2\$aHemispheric Institute Encuentro$n(8th :$d2013 :$cSão Paulo, Brazil).$tCITIES | BODIES | ACTION : The politics of passion in the Americas.

