=LDR  03175ngm a2200433   4500
=001  004319782
=005  20160629154433.0
=006  m\\\\\\\\c\\\\\\\\
=007  cr\cna|||m|||a
=008  160625e20130117bl\029\\\\\\\\s\\\vlpor\d
=024  7\$aHI2014_091_01$2nyu-hidvl
=040  \\$aNNU$beng$cNNU
=041  0\$apor
=245  00$aZeca Ligiéro$h[videorecording] :$bThe Story of Doña Mariana /$cHemispheric Institute of Performance and Politics, producer ; Zeca Ligiéro, creator.
=246  3\$aStory of Doña Mariana, Turkish Princess, Cabocla Healer, and Singing Macaw :$bA Radio Soap Opera in Short and Long Wave
=260  \\$c2013 Jan 17.
=300  \\$3viewing copy.$astreaming video (28 min., 25 sec.) :$bsd., col.
=500  \\$aTitle supplied by the Hemispheric Institute.
=500  \\$aPart of the Hemispheric Institute Digital Video Library.
=511  1\$aZeca Ligiéro.
=518  \\$aPerformed in São Paulo, Brazil on January 17, 2013.
=520  \\$aZeca Ligiéro is Associate Professor at the Universidade Federal do Estado do Rio de Janeiro. Since 1998, he coordinates the Center for the Study of Afro-Amerindian Performances–NEPAA. He has published Corpo a corpo: estudos das performance brasileiras (2011), Performance Afro-Ameríndia (2007); Carmen Miranda: uma performance afro-brasileira (2006), and Malandro divino: a vida e a lenda de Zé Pelintra (2004), among others.
=520  \\$aThe 8th Encuentro of the Hemispheric Institute sought to examine the broad intersections between urban space, performance and political/artistic action in the Americas. From the critical poetics of body art to the occupation of public space by social movements, the event invited participants to explore the borders, identities and practices through which subjectivities, hegemonies and counter-hegemonies are constructed in the spaces of the city and beyond. 'Dona Mariana' is a performance about how deities and religious practices travel across borders, harboring a transformative power of sensing, healing, and sharing through the body. Being in-between corporeality, the audio waves of a radio soap opera, and difussed images on a screen, Zeca Ligiéro invokes the presence of Dona Mariana. Thus, this performance becomes a ritualistic, almost sacred, act of sharing.
=534  \\$pMedia source original:$e1 digital video.$m[no brand]
=540  \\$aThere are copyright restrictions on this collection. For more information, go to the online version of this video.
=546  \\$aIn Portuguese.
=650  \0$aPerformance art$xReligious aspects.
=650  \0$aHealing$xReligious aspects.
=650  \0$aHealing$vFolklore.
=650  \0$aRitual in art.
=650  \0$aCaboclos (Brazilian people)
=653  \\$aCabocla rituals
=650  \0$aMultimedia (Art)
=653  \\$aMultimedia––Theater
=655  \7$aPerformance.$2nyu-hidvl
=700  1\$aLigiéro, Zeca,$d1950-$4cre
=710  2\$aHemispheric Institute of Performance and Politics.$4pro
=710  2\$aHemispheric Institute Digital Video Library.
=711  2\$aHemispheric Institute Encuentro$n(8th :$d2013 :$cSão Paulo, Brazil).$tCITIES | BODIES | ACTION : The politics of passion in the Americas.

