=LDR  02802ngm a2200409   4500
=001  004319740
=005  20160629154249.0
=006  m\\\\\\\\c\\\\\\\\
=007  cr\cna|||m|||a
=008  160625e20130114bl\046\\\\\\\\s\\\vlpor\d
=024  7\$aHI2014_083_01$2nyu-hidvl
=040  \\$aNNU$beng$cNNU
=041  0\$apor
=043  \\$as-ag---
=245  00$aColetivo Teatro da Margem & ÁQIS$h[videorecording] :$bPotestad /$cHemispheric Institute of Performance and Politics, producer ; Eduardo Pavlovsky, playwright.
=260  \\$c2013 Jan 14.
=300  \\$3viewing copy.$astreaming video (45 min., 30 sec.) :$bsd., col.
=500  \\$aPart of the Hemispheric Institute Digital Video Library.
=500  \\$aTitle supplied by the Hemispheric Institute.
=511  1\$aColetivo Teatro Da Margem & ÁQIS (Núcleo de Pesquisa)
=518  \\$aPerformed in São Paulo, Brazil on January 14, 2013.
=520  \\$aNarciso Telles is director of the Colectivo da Margem. He is also Professor at the Graduate Program in Arts at the UFU and researcher at CNPq. André Carreira is director of the group Experiencia Subterranea, Professor at the Graduate Program in Theatre at UDESC, and researcher at CNPq.
=520  \\$aThe 8th Encuentro of the Hemispheric Institute sought to examine the broad intersections between urban space, performance and political/artistic action in the Americas. From the critical poetics of body art to the occupation of public space by social movements, the event invited participants to explore the borders, identities and practices through which subjectivities, hegemonies and counter-hegemonies are constructed in the spaces of the city and beyond. 'Potestad' came out of the post-graduate research of two professors (an actor and a director) around the theme of psychic states and the question of political identities during Argentina’s dictatorship. The performance seek to provoke memories in a country that has few memories.
=534  \\$pMedia source original:$e1 digital video.$m[no brand]
=540  \\$aThere are copyright restrictions on this collection. For more information, go to the online version of this video.
=546  \\$aIn Portuguese.
=650  \0$aPerformance art$xPolitical aspects.
=650  \0$aArt$xPolitical aspects.
=650  \0$aMemory$xPolitical aspects.
=650  \0$aDictatorship$zArgentina.
=653  \\$aPolitics––Memory––Identity
=655  \7$aPerformance, theater.$2nyu-hidvl
=655  \7$aPerformance.$2nyu-hidvl
=700  1\$aPavlovsky, Eduardo A.$4aus
=710  2\$aHemispheric Institute of Performance and Politics.$4pro
=710  2\$aHemispheric Institute Digital Video Library.
=711  2\$aHemispheric Institute Encuentro$n(8th :$d2013 :$cSão Paulo, Brazil).$tCITIES | BODIES | ACTION : The politics of passion in the Americas.

