=LDR  02949ngm a2200421   4500
=001  004319776
=005  20160629154314.0
=006  m\\\\\\\\c\\\\\\\\
=007  cr\cna|||m|||a
=008  160625e20130114bl\088\\\\\\\\s\\\vlspa\d
=024  7\$aHI2014_085_01$2nyu-hidvl
=040  \\$aNNU$beng$cNNU
=041  0\$aspa
=245  00$aTeresa Ralli$h[videorecording] :$bEl desmontaje de Antígona /$cHemispheric Institute of Performance and Politics, producer ; Grupo Cultural Yuyachkani, creator.
=246  3\$aDisassembling Antigone
=260  \\$c2013 Jan 14.
=300  \\$3viewing copy.$astreaming video (88 min.) :$bsd., col.
=500  \\$aPart of the Hemispheric Institute Digital Video Library.
=500  \\$aTitle supplied by the Hemispheric Institute.
=511  1\$aTeresa Ralli.
=518  \\$aPerformed in São Paulo, Brazil on January 14, 2013.
=520  \\$aTeresa Ralli is a founding member of Grupo Cultural Yuyachkani - her main space of experimentation and creation. She is an actress and director who researches both voice and body. She is also a Professor at the Pontificia Universidad Católica del Perú, where she received a degree in Communications and a graduate degree (for a distinguished career) in Theatre Arts.
=520  \\$aThe 8th Encuentro of the Hemispheric Institute sought to examine the broad intersections between urban space, performance and political/artistic action in the Americas. From the critical poetics of body art to the occupation of public space by social movements, the event invited participants to explore the borders, identities and practices through which subjectivities, hegemonies and counter-hegemonies are constructed in the spaces of the city and beyond. This performatic demonstration is inspired by the questions that emerge during the creation of a performance of Antígona. What creative process must an actor undergo in order to arrive at the performance? How does she construct a stage language in order to bring the performance to life? How do the director and the actor enter into dialogue?
=534  \\$pMedia source original:$e1 digital video.$m[no brand]
=540  \\$aThere are copyright restrictions on this collection. For more information, go to the online version of this video.
=546  \\$aIn Spanish.
=600  00$aAntigone$c(Mythological character)
=650  \0$aCreation (Literary, artistic, etc.)
=650  \0$aActing$xTechnique.
=650  \0$aPerformance art$xTechnique.
=653  \\$aActing––Creative process
=655  \7$aPerformance.$2nyu-hidvl
=655  \7$aPerformance, theater.$2nyu-hidvl
=700  1\$aRalli, Teresa.$4cre
=710  2\$aGrupo Cultural Yuyachkani.$4cre
=710  2\$aHemispheric Institute of Performance and Politics.$4pro
=710  2\$aHemispheric Institute Digital Video Library.
=711  2\$aHemispheric Institute Encuentro$n(8th :$d2013 :$cSão Paulo, Brazil).$tCITIES | BODIES | ACTION : The politics of passion in the Americas.

