=LDR  03012ngm a2200385   4500
=001  004317444
=005  20160629153949.0
=006  m\\\\\\\\c\\\\\\\\
=007  cr\cna|||m|||a
=008  160620e20130113bl\084\\\\\\\\s\\\vleng\d
=024  7\$aHI2014_065_01$2nyu-hidvl
=040  \\$aNNU$beng$cNNU
=041  0\$aeng
=245  00$aDiana Taylor's keynote address$h[videorecording] /$cHemispheric Institute of Performance and Politics, producer.
=246  3\$aPolitics of Passion
=260  \\$c2013 Jan 13.
=300  \\$3viewing copy.$astreaming video (84 min.) :$bsd., col.
=500  \\$aPart of the Hemispheric Institute Digital Video Library.
=500  \\$aTitle supplied by the Hemispheric Institute.
=511  0\$aDiana Taylor, speaker.
=518  \\$aRecorded in São Paulo, Brazil on January 13, 2013.
=520  \\$aThe 8th Encuentro of the Hemispheric Institute sought to examine the broad intersections between urban space, performance and political/artistic action in the Americas. From the critical poetics of body art to the occupation of public space by social movements, the event invited participants to explore the borders, identities and practices through which subjectivities, hegemonies and counter-hegemonies are constructed in the spaces of the city and beyond.What options for political and economic justice do people have when the electoral process has been violated or corrupted, the media sequestered in the hands of power-brokers, and official institutions cannot adjudicate in a way that is seen as transparent and legitimate? In light of this dismal state of affairs, this keynote lecture explores the resurgence and even centrality of the body in politics. As political parties fail to represent their constituencies, people are (re)learning how to represent themselves.
=520  \\$aDiana Taylor is University Professor of Performance Studies and Spanish at NYU. She is the author of Theatre of Crisis: Drama and Politics in Latin America (1991), Disappearing Acts: Spectacles of Gender and Nationalism in Argentina's 'Dirty War', Duke U.P., 1997, and The Archive and the Repertoire: Performing Cultural Memory in the Americas (Duke U.P., 2003). She is Founding Director of the Hemispheric Institute of Performance and Politics.
=534  \\$pMedia source original:$e1 digital video.$m[no brand]
=540  \\$aThere are copyright restrictions on this collection. For more information, go to the online version of this video.
=546  \\$aIn English.
=650  \0$aArt$xPolitical aspects.
=650  \0$aRepresentative government and representation.
=653  \\$aBody politics.
=653  \\$aSelf-representation.
=655  \7$aKeynote address.$2nyu-hidvl
=700  1\$aTaylor, Diana,$d1950-$4spk
=710  2\$aHemispheric Institute of Performance and Politics.$4pro
=710  2\$aHemispheric Institute Digital Video Library.
=711  2\$aHemispheric Institute Encuentro$n(8th :$d2013 :$cSão Paulo, Brazil).$tCITIES | BODIES | ACTION : The politics of passion in the Americas.

