=LDR  03661ngm a2200481   4500
=001  005837741
=005  20171016091056.0
=006  m\\\\\\\\c\\\\\\\\
=007  cr\cna|||m|||a
=008  171005s2013\\\\xxu005\\\\\\\\s\\\vlspa\d
=024  7\$aHI2014_054_01$2nyu-hidvl
=040  \\$aNNU$beng$cNNU
=041  0\$aspa
=043  \\$an-us---
=245  00$aVivir (music video) /$cLos Cenzontles, producer ; Diana Cordero, video director ; Lucina Rodriguez, composer.
=246  3\$aTo live
=260  \\$c2013.
=300  \\$3viewing copy.$astreaming video (4 min., 1 sec.) :$bsd., col.
=490  1\$aLos Cenzontles Collection
=546  \\$aIn Spanish.
=500  \\$aTitle supplied by the Hemispheric Institute.
=500  \\$aPart of the Hemispheric Institute Digital Video Library.
=511  0\$aFabiola Trujillo, singer.
=518  \\$aFilmed in 2013.
=520  \\$aVideo clip by Los Cenzontles featuring live performance and shadow puppetry animation. The clip offers a metaphorical narrative of ‘theatre of life’ to teach children to be faithful to their roots and to be strong to face the challenges of living in-between cultures. Los Cenzontles tells youth that ‘We must not live without living / Existing in the world is not easy / I can tell you / Trying to escape / Only creates problems / That is why we must live / And not merely survive.
=520  \\$aLos Cenzontles is a band, a nonprofit organization, a music academy, a community space for youth and families, and a hub for Latino artists. Since 1989 Los Cenzontles has produced original music, videos, and educational tools, playing a central role in the Mexican roots revival in the United States. Throughout more than 25 years of constant work, Los Cenzontles has shared its founder Eugene Rodriguez’ vision: that young people empowered as artists and teachers can build upon the past to create a better future. Los Cenzontles remains unique among nonprofits nationally in demonstrating the potential of Latino cultural programming and production to transform individuals and communities from within. Over the years, the academy has served immigrant children, third-generation Mexican Americans as well as children who are mixed and from various ethnic backgrounds. The band has recorded songs that capture the poetry of the indigenous Purépecha language and composed music aimed to inspire and rally the community toward empowerment and engagement and against contemporary injustices. Los Cenzontles has broadcast its journey via its documentary series, web-based video shorts, and ‘digital scrapbooks’ aimed at capturing the first person stories of resilience by Mexican American music- and culture-makers. These media productions combine music videos and interviews to highlight themes of inclusion, education, and social justice.
=534  \\$pMedia source original:$e1 digital video.
=540  \\$aThere are copyright restrictions on this collection. For more information, go to the online version of this video.
=650  \0$aMexican American children.
=650  \0$aMexican Americans$xEthnic identity.
=650  \0$aYouth$xPolitical activity.
=650  \0$aSocial justice$zUnited States.
=653  \\$aCultural heritage.
=653  \\$aIdentity politics.
=653  \\$aArts and education.
=655  \7$aMusic videos.$2lcgft
=655  \7$aFilmed shadow plays.$2lcgft
=700  1\$aTrujillo, Fabiola,$esinger.
=710  2\$aCenzontles (Musical group),$eperformer,$eproducer.
=700  1\$aCordero, Diana,$evideo director.
=700  1\$aRodriguez, Lucina,$ecomposer.
=710  2\$aHemispheric Institute Digital Video Library.
=830  \0$aCenzontles collection.

