=LDR  03912ngm a2200421   4500
=001  004191331
=005  20151003205101.0
=006  m\\\\\\\\c\\\\\\\\
=007  cr\cna|||m|||a
=008  150929e20130115bl\---\\\\\\\\s\\\vlpor\d
=024  7\$aHI2014_062_01$2nyu-hidvl
=040  \\$aNNU$beng$cNNU
=041  0\$apor
=245  00$aLuis Antonio - Gabriela$h[videorecording] /$cHemispheric Institute of Performance and Politics, producer ; Companhia Mungunzá de Teatro, creator.
=260  \\$c2013 Jan. 15.
=300  \\$3viewing copy.$astreaming video :$bsd., col.
=500  \\$aPart of the Hemispheric Institute Digital Video Library.
=500  \\$aTitle supplied by the Hemispheric Institute.
=511  1\$aCompanhia Mungunzá de Teatro, performers.
=518  \\$aPerformed at the Sesc Vila Mariana - Teatro, São Paulo, Brazil, on January 15, 2013.
=520  \\$a'Luis Antonio - Gabriela,' by Companhia Mungunzá de Teatro, was presented as a part of the 8th International Encuentro of the Hemispheric Institute of Performance and Politics. This Encuentro was held in January of 2013 - the year of Hemi’s 15th anniversary - in São Paulo, Brazil, under the title CITIES | BODIES | ACTION: The Politics of Passion in the Americas. This event brought together activism, scholarship, and art towards the exploration of urban sites as areas of coexistence, conflict, and collaboration. From the critical poetics of body art to the occupation of public space by social movements, the event invited participants to explore the borders, identities and practices through which subjectivities, hegemonies and counter-hegemonies are constructed in the spaces of the city and beyond. The vast array of performances, exhibits, roundtables, workshops, lectures and work groups of this Encuentro were particularly interested in the ways in which bodies both interpellate and are interpellated, mobilize and are mobilized, by and around the diverse and complex ‘passions’ that are so defining of our globalized and mediatized present - fear, hatred, disenchantment, hope and faith, among others.
=520  \\$aThe scenic documentary Luis Antonio - Gabriela begins in 1953 with the birth of Luis Antonio who spent his childhood, adolescence, and part of his youth in Santos before leaving for Spain. The show was created from testimonies of the actor and director, Nelson Baskerville, to his sister Maria Cristina, his stepmother Doracy, and Serginho, a hairdresser in Santos and friend to Luis Antonio. The story ends in 2006, the year of his death in Bilbao, where he had lived until then as Gabriela.
=520  \\$aCompanhia Mungunzá de Teatro was created in São Paulo in 2006 by from a newly formed group of actors motivated to deepen techniques learned in school in order to develop a detailed study of Brecht’s Epic Theatre as well as other contemporary dramatic languages. They have participated in diverse festivals in Brazil, winning 26 awards in various categories. www.ciamungunza.com.br
=534  \\$pMedia source original:$e[unknown]$m[brand unknown]
=540  \\$aThere are copyright restrictions on this collection. For more information, go to the online version of this video.
=546  \\$aIn Portuguese.
=650  \0$aGender identity$xPolitical aspects.
=650  \0$aAIDS (Disease)
=650  \0$aFamilies$xPsychological aspects
=655  \7$aPerformance$2nyu-hidvl
=655  \7$aTheater$2nyu-hidvl
=655  \7$aDocumentary theater$2nyu-hidvl
=710  2\$aCompanhia Mungunzá de Teatro.$4cre$4prf
=710  2\$aHemispheric Institute of Performance and Politics.$4pro
=710  2\$aHemispheric Institute Digital Video Library.
=711  2\$aHemispheric Institute Encuentro$n(8th :$d2013 :$cSão Paulo, Brazil).$tCITIES | BODIES | ACTION : The politics of passion in the Americas.
=852  \\$aNNU$bWEB$cGENI$mElectronic access
=856  40$uhttp://hdl.handle.net/2333.1/9zw3r4cm$9WEB

