=LDR  03712ngm a2200373   4500
=001  004317456
=005  20160629153925.0
=006  m\\\\\\\\c\\\\\\\\
=007  cr\cna|||m|||a
=008  160620e20130119bl\084\\\\\\\\s\\\vleng\d
=024  7\$aHI2014_058_01$2nyu-hidvl
=040  \\$aNNU$beng$cNNU
=041  0\$aeng$aspa
=245  00$aRound Table$h[videorecording] :$bArtistas de Performance /$cHemispheric Institute of Performance and Politics, producer.
=260  \\$c2013 Jan 19.
=300  \\$3viewing copy.$astreaming video (84 min.) :$bsd., col.
=500  \\$aTitle supplied by the Hemispheric Institute.
=500  \\$aPart of the Hemispheric Institute Digital Video Library.
=511  0\$aGonzalo Rabanal, María José Contreras, Nao Bustamante, Nicolás Dumit Estévez, presenters; Antonio Prieto Stambaugh, moderator.
=518  \\$aRecorded in São Paulo, Brazil on January 19, 2013.
=520  \\$aThe 8th Encuentro of the Hemispheric Institute sought to examine the broad intersections between urban space, performance and political/artistic action in the Americas. From the critical poetics of body art to the occupation of public space by social movements, the event invited participants to explore the borders, identities and practices through which subjectivities, hegemonies and counter-hegemonies are constructed in the spaces of the city and beyond.
=520  \\$aGonzalo Rabanal (Chile) studied Audio Visual Communication at the ARCOS Institute, where he began to develop a way of working that projects from individual to collective, opening up space for an expressive multiplicity. In 1989 he received a grant from the ANDES Foundation and in 2010 another from the Ford Foundation. He is currently pursuing a Master’s degree in Visual Art at the Pontificia Universidad Católica in Chile.
=520  \\$aMaría José Contreras Lorenzini (Chile) is performer and Doctor of Body Language and Psychology. Her work is comprised of creation and theoretical research on the expressive possibilities of the performative body. She is a member of La Diferencia, a collective that has created a series of performances in response to the Daniel Zamudio controversy. She is also teaches at the Drama School at the Universidad Católica de Chile.
=520  \\$aNao Bustamante (USA) is an internationally known and beloved artist, originally from California. She now resides in upstate New York, where she teaches and canoes with her poodle, Fufu. Bustamante’s at times precarious and radically vulnerable work encompasses performance art, video installation, visual art, filmmaking, and writing. Currently, Bustamante holds the position of Associate Professor of New Media and Live Art at Rensselaer Polytechnic Institute.
=520  \\$aNicolás Dumit Estévez (USA/Dominican Republic) works mainly in performance art and experiences where life and art often overlap. He has exhibited and performed extensively in the U.S. as well as internationally. Born in Santiago de los Treinta Caballeros, Dominican Republic, Estévez lives and works in the South Bronx.
=534  \\$pMedia source original:$e1 digital video.$m[no brand]
=540  \\$aThere are copyright restrictions on this collection. For more information, go to the online version of this video.
=546  \\$aIncludes English and Spanish.
=650  \0$aArt$xPolitical aspects.
=650  \0$aPerformance artists.
=655  \7$aArtist Roundtable.$2nyu-hidvl
=710  2\$aHemispheric Institute of Performance and Politics.$4pro
=710  2\$aHemispheric Institute Digital Video Library.
=711  2\$aHemispheric Institute Encuentro$n(8th :$d2013 :$cSão Paulo, Brazil).$tCITIES | BODIES | ACTION : The politics of passion in the Americas.

