=LDR  04543ngm a2200409   4500
=001  004319733
=005  20160629154125.0
=006  m\\\\\\\\c\\\\\\\\
=007  cr\cna|||m|||a
=008  160625e20130114bl\165\\\\\\\\s\\\vleng\d
=024  7\$aHI2014_076_01$2nyu-hidvl
=040  \\$aNNU$beng$cNNU
=041  0\$aeng$aspa
=043  \\$an------$as------
=245  00$aRound Table$h[videorecording] :$bMovimientos Sociales /$cHemispheric Institute of Performance and Politics, producer.
=246  3\$aRoundtable :$bIn the Streets : Contemporary Social Movements in the Americas
=260  \\$c2013 Jan 14.
=300  \\$3viewing copy.$astreaming video (165 min.) :$bsd., col.
=500  \\$aPart of the Hemispheric Institute Digital Video Library.
=500  \\$aTitle supplied by the Hemispheric Institute.
=511  0\$aJacques Servin, Jade Percassi, Juan Marco Vaggione, Julieta Paredes, Víctor Hugo Robles, speakers; Nick Mirzoeff, discussant.
=518  \\$aRecorded in São Paulo, Brazil on January 14, 2013.
=520  \\$aThe 8th Encuentro of the Hemispheric Institute sought to examine the broad intersections between urban space, performance and political/artistic action in the Americas. From the critical poetics of body art to the occupation of public space by social movements, the event invited participants to explore the borders, identities and practices through which subjectivities, hegemonies and counter-hegemonies are constructed in the spaces of the city and beyond. Roundtable presentations: Jacques Servin, New Frontiers in Humor and Revolution; Jade Percassi, Culture and Communication in the Struggle for a New Society; Juan Marco Vaggione, Sexuality and the Law in Argentina: Challenges and Steps Forward; Julieta Paredes, The Red of Wellbeing, Suma Qhamaña; Víctor Hugo Robles, Free Sex Education!
=520  \\$aJacques Servin (Andy Bichlbaum, US) is a co-founder of the Yes Men, a group that has accomplished numerous high-profile media interventions serving to highlight environmental, economic, and social injustices and the systemic problems that lead to them. He teaches at NYU and heads the Yes Lab at the Hemispheric Institute - a program that helps students and others carry out media interventions.
=520  \\$aJuan Marco Vaggione (Argentina) is a researcher at the Argentinean National Council of Science and Technology (CONICET) and Professor at the Faculty of Law and Social Sciences, National University of Cordoba, Argentina. His background is in law (Doctorate, National University of Córdoba) and Sociology (Ph.D., New School for Social Research). He is interested in religion, politics and sexuality, and sexual and reproductive rights.
=520  \\$aJulieta Paredes Carvajal (Bolivia) is an Aymara lesbian and communitarian feminist. She is a founding member of Mujeres Creando, Mujeres Creando Comunidad, and the Assembly of Communitarian Feminism. She is a writer, singer, and anti-patriarchal poet.
=520  \\$aVíctor Hugo Robles (Chile) is a journalist, homosexual activist, street performer, and apostate known as “El Che de los Gays.” His work is featured in the documentary El Che de los Gays, which won the Audience Prize at the 2005 Bilbao International Gay/Lesbian/Trans Film Festival. In 2010, he began a campaign for 'apostasy' by publicly renouncing his Catholic baptism and becoming the first judicially recognized apostate in Chilean history.
=520  \\$aJade Percassi (Brazil) graduated in Social Sciences. She has a masters degree and is currently a PhD student in Education at USP. A educator and researcher at CEPAEP, she is an invited lecturer in the Arts undergradute program at PRONERA. She has worked for several years as an educator with the housing rights movement in the city of São Paulo through USINA She is currently part of the collective Comunicação e Cultura of the Landless Rural Workers Movement (MST).
=534  \\$pMedia source original:$e1 digital video.$m[no brand]
=540  \\$aThere are copyright restrictions on this collection. For more information, go to the online version of this video.
=546  \\$aIncludes English and Spanish.
=650  \0$aSocial movements$zAmerica.
=650  \0$aArt$xPolitical aspects.
=655  \7$aRound table.$2nyu-hidvl
=710  2\$aHemispheric Institute of Performance and Politics.$4pro
=710  2\$aHemispheric Institute Digital Video Library.
=711  2\$aHemispheric Institute Encuentro$n(8th :$d2013 :$cSão Paulo, Brazil).$tCITIES | BODIES | ACTION : The politics of passion in the Americas.

