=LDR  02962ngm a2200421   4500
=001  004319735
=005  20160629154153.0
=006  m\\\\\\\\c\\\\\\\\
=007  cr\cna|||m|||a
=008  160625e20130112bl\140\\\\\\\\s\\\vlpor\d
=024  7\$aHI2014_078_01$2nyu-hidvl
=040  \\$aNNU$beng$cNNU
=041  0\$apor
=043  \\$acl-----
=245  00$aNúcleo Bartolomeu de Depoimentos' Orfeu Mestiço, Uma Hip-Hópera Brasileira$h[videorecording] /$cHemispheric Institute of Performance and Politics, producer ; Núcleo Bartolomeu de Depoimentos, creator.
=246  3\$aMestizo Orpheus :$bA Brazilian Hip-Hopera
=260  \\$c2013 Jan 12.
=300  \\$3viewing copy.$astreaming video (140 min.) :$bsd., col.
=500  \\$aTitle supplied by the Hemispheric Institute.
=500  \\$aPart of the Hemispheric Institute Digital Video Library.
=511  1\$aNúcleo Bartolomeu de Depoimentos.
=518  \\$aPerformed in São Paulo, Brazil on January 12, 2013.
=520  \\$aThe 8th Encuentro of the Hemispheric Institute sought to examine the broad intersections between urban space, performance and political/artistic action in the Americas. From the critical poetics of body art to the occupation of public space by social movements, the event invited participants to explore the borders, identities and practices through which subjectivities, hegemonies and counter-hegemonies are constructed in the spaces of the city and beyond. Mestizo Orpheus tells of the return of a politician to his past and his connection to military dictatorship. A phone call about the disinterment of the body of his companion Eurydice places Orpheus in contact with a past that he has tried to forget. Responding to conflict, this text is inspired by the Orphic myths and incoporates multilple characters from different epochs, who each help guide Orpheus in his descent into hell.
=520  \\$aNúcleo Bartolomeu de Depoimentos works with language at the union of hip hop and epic theatre to create hip-hop theatre, a pioneering concept in Brazil that opens numerous possibilities and fields of action, dialoguing with the trends and diversity of urban culture.
=534  \\$pMedia source original:$e1 digital video.$m[no brand]
=540  \\$aThere are copyright restrictions on this collection. For more information, go to the online version of this video.
=546  \\$aIn Portuguese.
=600  00$aOrpheus$c(Greek mythological character)
=600  00$aEurydice$c(Greek mythological character)
=650  \0$aPerformance art.
=650  \0$aHip-hop.
=650  \0$aOpera.
=650  \0$aDictatorship$zLatin America.
=653  \\$aMilitary dictatorship
=655  \7$aPerformance.$2nyu-hidvl
=710  2\$aHemispheric Institute of Performance and Politics.$4pro
=710  2\$aHemispheric Institute Digital Video Library.
=711  2\$aHemispheric Institute Encuentro$n(8th :$d2013 :$cSão Paulo, Brazil).$tCITIES | BODIES | ACTION : The politics of passion in the Americas.

