=LDR  03158ngm a2200385   4500
=001  004319737
=005  20160629154214.0
=006  m\\\\\\\\c\\\\\\\\
=007  cr\cna|||m|||a
=008  160625e20130117bl\077\\\\\\\\s\\\vlpor\d
=024  7\$aHI2014_080_01$2nyu-hidvl
=040  \\$aNNU$beng$cNNU
=041  0\$apor
=043  \\$as-bl---
=245  00$aSérgio de Carvalho's keynote address$h[videorecording] /$cHemispheric Institute of Performance and Politics, producer.
=246  3\$aGroup Theater in São Paulo and the Commodification of Culture
=260  \\$c2013 Jan 17.
=300  \\$3viewing copy.$astreaming video (77 min.) :$bsd., col.
=500  \\$aTitle supplied by the Hemispheric Institute.
=500  \\$aPart of the Hemispheric Institute Digital Video Library.
=511  0\$aSérgio de Carvalho, speaker.
=518  \\$aRecorded in São Paulo, Brazil on January 17, 2013.
=520  \\$aThe 8th Encuentro of the Hemispheric Institute sought to examine the broad intersections between urban space, performance and political/artistic action in the Americas. From the critical poetics of body art to the occupation of public space by social movements, the event invited participants to explore the borders, identities and practices through which subjectivities, hegemonies and counter-hegemonies are constructed in the spaces of the city and beyond. The recent capitalist development in Brazil has led to the institutionalization of cultural production. Research in the arts, which had previously worked against the grain of dominant logics, is now frequently a conformist site of alternative inclusion within capital’s ideological order. Group Theater in São Paulo and the Commodification of Culture explores how dissonant voices in this process - including those of some São Paulo theater groups - are now looking for critical ways to confront the depoliticization and commodification that has been imposed by and is a result of the bare necessities of survival.
=520  \\$aSérgio de Carvalho is playwright and director of Companhia do Latão, a São Paulo theater group. He is also Professor of playwriting and criticism at the Universidade de São Paulo. He is the editor of Vintém and Traulito, and author of Atuação Crítica and Introdução ao Teatro Dialético (2009). His plays include O Nome do Sujeito (1998), O Círculo de Giz Caucasiano (2006) and Ópera dos Vivos (2010).
=534  \\$pMedia source original:$e1 digital video.$m[no brand]
=540  \\$aThere are copyright restrictions on this collection. For more information, go to the online version of this video.
=546  \\$aIn Portuguese.
=650  \0$aTheatrical companies$zBrazil$zSão Paulo$xPolitical aspects.
=650  \0$aPerformance art$xPolitical aspects.
=650  \0$aArt$xPolitical aspects.
=650  \0$aCapitalism$zBrazil.
=655  \7$aKeynote address.$2nyu-hidvl
=710  2\$aHemispheric Institute of Performance and Politics.$4pro
=710  2\$aHemispheric Institute Digital Video Library.
=711  2\$aHemispheric Institute Encuentro$n(8th :$d2013 :$cSão Paulo, Brazil).$tCITIES | BODIES | ACTION : The politics of passion in the Americas.

