=LDR  03409ngm a2200397   4500
=001  004319738
=005  20160629154224.0
=006  m\\\\\\\\c\\\\\\\\
=007  cr\cna|||m|||a
=008  160625e20130112bl\083\\\\\\\\s\\\vlpor\d
=024  7\$aHI2014_081_01$2nyu-hidvl
=040  \\$aNNU$beng$cNNU
=041  0\$apor
=245  00$aSuely Rolnik's keynote address$h[videorecording] /$cHemispheric Institute of Performance and Politics, producer.
=246  3\$aReturn of the Knowing-Body
=260  \\$c2013 Jan 12.
=300  \\$3viewing copy.$astreaming video (83 min.) :$bsd., col.
=500  \\$aPart of the Hemispheric Institute Digital Video Library.
=500  \\$aTitle supplied by the Hemispheric Institute.
=511  0\$aSuely Rolnik, speaker.
=518  \\$aRecorded in São Paulo, Brazil on January 12, 2013.
=520  \\$aSuely Rolnik is a psychoanalyst, arts/culture critic, and curator. She is Professor at the PUCP-SP (PhD in Clinical Psychology) and faculty member of the independent study program (PEI) at the Museo d’Art Contemporani in Barcelona (MacBa). She is the author of Micropolítica: Cartografías del deseo in collaboration with Félix Guattari, which has been published in seven countries.
=520  \\$aThe 8th Encuentro of the Hemispheric Institute sought to examine the broad intersections between urban space, performance and political/artistic action in the Americas. From the critical poetics of body art to the occupation of public space by social movements, the event invited participants to explore the borders, identities and practices through which subjectivities, hegemonies and counter-hegemonies are constructed in the spaces of the city and beyond. From a micropolitical perspective, the unconscious repression of the knowing-body is the greatest violence of the colonial enterprise. This keynote lecture examines how this violence is in the marrow of the modern Western culture that continues to structure our lives. Today, the toxic effects of this unconscious repression have reached a critical point, generating the vast crisis in which we are now immersed. In order to return to the knowing-body - free from the effects of trauma - it is necessary that we resist the actual state of things. This is not a matter of futurology, for signs of this return are emerging throughout the 'Global South' - a South that is multiple and whose borders are not geographically limited. These signs of return are blasts of oxygen at points where thought has been asphyxiated - a tireless redrawing of landscapes, an endless work. Is this the real political potency of art?
=534  \\$pMedia source original:$e1 digital video.$m[no brand]
=540  \\$aThere are copyright restrictions on this collection. For more information, go to the online version of this video.
=546  \\$aIn Portuguese.
=650  \0$aPerformance art$xPolitical aspects.
=650  \0$aArt$xPolitical aspects.
=650  \0$aRepression (Psychology)
=650  \0$aBody image.
=650  \0$aPsychic trauma.
=653  \\$aBody––Repression––Trauma––Western culture
=655  \7$aKeynote address.$2nyu-hidvl
=710  2\$aHemispheric Institute of Performance and Politics.$4pro
=710  2\$aHemispheric Institute Digital Video Library.
=711  2\$aHemispheric Institute Encuentro$n(8th :$d2013 :$cSão Paulo, Brazil).$tCITIES | BODIES | ACTION : The politics of passion in the Americas.

