=LDR  02949ngm a2200385   4500
=001  004319739
=005  20160629154237.0
=006  m\\\\\\\\c\\\\\\\\
=007  cr\cna|||m|||a
=008  160625e20130115bl\081\\\\\\\\s\\\vleng\d
=024  7\$aHI2014_082_01$2nyu-hidvl
=040  \\$aNNU$beng$cNNU
=041  0\$aeng
=245  00$aTara McPherson's keynote address$h[videorecording] /$cHemispheric Institute of Performance and Politics, producer.
=246  3\$aTheory in the Machine, or, a Feminist in a Software Lab
=260  \\$c2013 Jan 15.
=300  \\$3viewing copy.$astreaming video (81 min.) :$bsd., col.
=500  \\$aPart of the Hemispheric Institute Digital Video Library.
=500  \\$aTitle supplied by the Hemispheric Institute.
=511  0\$aTara McPherson, speaker.
=518  \\$aRecorded in São Paulo, Brazil on January 15, 2013.
=520  \\$aThe 8th Encuentro of the Hemispheric Institute sought to examine the broad intersections between urban space, performance and political/artistic action in the Americas. From the critical poetics of body art to the occupation of public space by social movements, the event invited participants to explore the borders, identities and practices through which subjectivities, hegemonies and counter-hegemonies are constructed in the spaces of the city and beyond. How did a feminist film scholar trained in post-structuralist theory end up running a software lab? Answering this question, this keynote lecture engages various histories in the development of computational systems in order to argue that more humanities scholars should take seriously issues in the design and implementation of software systems.
=520  \\$aTara McPherson teaches courses in the University of Southern California’s School of Cinematic Arts. She authored the award-winning Reconstructing Dixie: Race, Gender and Nostalgia in the Imagined South (2003). Her new media research focuses on issues of convergence, gender, race, and representation, as well as upon the development of new tools and paradigms for digital publishing. She is the Founding Editor of Vectors and a Co-editor of the International Journal of Learning and Media.
=534  \\$pMedia source original:$e1 digital video.$m[no brand]
=540  \\$aThere are copyright restrictions on this collection. For more information, go to the online version of this video.
=546  \\$aIn English.
=650  \0$aFeminism.
=650  \0$aDigital humanities$xPolitical aspects.
=650  \0$aComputer software$xDevelopment.
=653  \\$aHumanities––Software––Computational systems
=653  \\$aNew media--Politics.
=655  \7$aKeynote address.$2nyu-hidvl
=710  2\$aHemispheric Institute of Performance and Politics.$4pro
=710  2\$aHemispheric Institute Digital Video Library.
=711  2\$aHemispheric Institute Encuentro$n(8th :$d2013 :$cSão Paulo, Brazil).$tCITIES | BODIES | ACTION : The politics of passion in the Americas.

