=LDR  04075ngm a2200421   4500
=001  004319779
=005  20160629154354.0
=006  m\\\\\\\\c\\\\\\\\
=007  cr\cna|||m|||a
=008  160625e20130119bl\088\\\\\\\\s\\\vlpor\d
=024  7\$aHI2014_088_01$2nyu-hidvl
=040  \\$aNNU$beng$cNNU
=041  0\$apor$aspa
=245  00$aRound Table$h[videorecording] :$bUrban Interventions /$cHemispheric Institute of Performance and Politics, producer.
=260  \\$c2013 Jan 19.
=300  \\$3viewing copy.$astreaming video (88 min.) :$bsd., col.
=500  \\$aPart of the Hemispheric Institute Digital Video Library.
=500  \\$aTitle supplied by the Hemispheric Institute.
=511  0\$aÁlvaro Villalobos, Bel Borba, Diana Collazos, Nadia Granados, Tania Alice, presenters; Marlène Ramírez-Cancio, moderator.
=518  \\$aRecorded in São Paulo, Brazil on January 19, 2013.
=520  \\$aÁlvaro Villalobos (Colombia/México) holds a Master of Visual Arts from the Universidad Autónoma (México) and from the Facultad de Artes ASAB (Bogotá). His work engages social and political problems through performances, videos, installations, and photography. He is currently a professor at UNAM and UAEMéx in Mexico.
=520  \\$aBel Borba (Brazil), known as 'The People’s Picasso,' has spread his artwork throughout the 500-year-old urban landscape for thirty-five years. In 2012, he participated in the New York City’s Crossing the Line Festival, sponsored by the French Institute/Alliance Française and the Hemispheric Institute, where he created Diário--a collaboration with Burt Sun and Andr Contantini.
=520  \\$aDiana/Daf/Collazos (Peru) is a multidisciplinary artist and independent cultural producer. Her work centers around performance, urban interventions, video, and installation. She is founder and manager of elgalpon.espacio Cultural Association, a space for the creation and dissemination of multidisciplinary artistic projects.
=520  \\$aNadia Granados (a.k.a. La Fulminante) is a Colombian artist interested in the arts of space, movement, and the body such as video, pornography, magic, installation, and performance. Her work is characterized by the resignification of content extracted from mass media, mixed with themes related to the antiglobalization struggle.
=520  \\$aColetivo de Performance Heróis do Cotidiano (Brazil) has been active for three years in the streets of Rio de Janeiro, researching the performative drama of the hero and the sacrifice of the poor in contemporary times. They believe in the poetic use of the city, rather than the strictly functional. Dressed as superheroes, the performers - under the direction of Gilson Motta and Tania Alice - create urban interventions combining theater, visual arts, dance, and political activism.
=520  \\$aThe 8th Encuentro of the Hemispheric Institute sought to examine the broad intersections between urban space, performance and political/artistic action in the Americas. From the critical poetics of body art to the occupation of public space by social movements, the event invited participants to explore the borders, identities and practices through which subjectivities, hegemonies and counter-hegemonies are constructed in the spaces of the city and beyond.
=534  \\$pMedia source original:$e1 digital video.$m[no brand]
=540  \\$aThere are copyright restrictions on this collection. For more information, go to the online version of this video.
=546  \\$aIncludes Spanish and Portuguese.
=650  \0$aPublic spaces$xPolitical aspects.
=650  \0$aPublic spaces$xSocial aspects.
=650  \0$aPerformance art$xPolitical aspects.
=650  \0$aArt$xPolitical aspects.
=653  \\$aUrban spaces––Activism
=655  \7$aRound table.$2nyu-hidvl
=710  2\$aHemispheric Institute of Performance and Politics.$4pro
=710  2\$aHemispheric Institute Digital Video Library.
=711  2\$aHemispheric Institute Encuentro$n(8th :$d2013 :$cSão Paulo, Brazil).$tCITIES | BODIES | ACTION : The politics of passion in the Americas.

