=LDR  02993ngm a2200397   4500
=001  004319780
=005  20160629154407.0
=006  m\\\\\\\\c\\\\\\\\
=007  cr\cna|||m|||a
=008  160625e20130114bl\083\\\\\\\\s\\\vlspa\d
=024  7\$aHI2014_089_01$2nyu-hidvl
=040  \\$aNNU$beng$cNNU
=041  0\$aspa
=043  \\$as-pe---
=245  00$aVictor Vich's keynote address$h[videorecording] /$cHemispheric Institute of Performance and Politics, producer.
=246  3\$aPoetics of Grief :$bMemories that Occupy the City
=260  \\$c2013 Jan 14.
=300  \\$3viewing copy.$astreaming video (83 min.) :$bsd., col.
=500  \\$aPart of the Hemispheric Institute Digital Video Library.
=500  \\$aTitle supplied by the Hemispheric Institute.
=511  0\$aVíctor Vich, speaker.
=518  \\$aRecorded in São Paulo, Brazil on January 14, 2013.
=520  \\$aVíctor Vich holds a doctorate in Latin American Literature from Georgetown University. In 2007, he was an invited professor at Harvard University and in 2009, he won a Guggenheim grant. He is currently coordinator of the Masters program in Cultural Studies at the Pontificia Universidad Católica del Perú and a principal researcher at the Instituto de Estudios Peruanos (IEP).
=520  \\$aThe 8th Encuentro of the Hemispheric Institute sought to examine the broad intersections between urban space, performance and political/artistic action in the Americas. From the critical poetics of body art to the occupation of public space by social movements, the event invited participants to explore the borders, identities and practices through which subjectivities, hegemonies and counter-hegemonies are constructed in the spaces of the city and beyond. The Poetics of Grief explores how citizens are questioned and challenged through and by symbolic interventions in public space. The latter call attention to the dangers of forgetting crucial past events - events that move us away from triumphalism and insist, over and over again, on the need to continue processing the worst of the past. In this lecture, Vich analyzes three public interventions performed in contemporary Peru, which each reopened discussions concerning political violence.
=534  \\$pMedia source original:$e1 digital video.$m[no brand]
=540  \\$aThere are copyright restrictions on this collection. For more information, go to the online version of this video.
=546  \\$aIn Spanish.
=650  \0$aPublic spaces$xPolitical aspects.
=650  \0$aViolence$zPeru.
=650  \0$aMemory$xPolitical aspects$zPeru.
=653  \\$aPublic spaces––Intervention––Politics
=653  \\$aPeru––Contemporary
=655  \7$aKeynote address.$2nyu-hidvl
=710  2\$aHemispheric Institute of Performance and Politics.$4pro
=710  2\$aHemispheric Institute Digital Video Library.
=711  2\$aHemispheric Institute Encuentro$n(8th :$d2013 :$cSão Paulo, Brazil).$tCITIES | BODIES | ACTION : The politics of passion in the Americas.

