=LDR  03103ngm a2200385   4500
=001  004319938
=005  20160629150158.0
=006  m\\\\\\\\c\\\\\\\\
=007  cr\cna|||m|||a
=008  160627e20140626xxc074\\\\\\\\s\\\vleng\d
=024  7\$aHI2014_153_01$2nyu-hidvl
=040  \\$aNNU$beng$cNNU
=041  0\$aeng
=245  00$aKeynote$h[videorecording] :$bThe Art, Artistry, and Trickery of Anonymous /$cHemispheric Institute of Performance and Politics, producer ; Gabriella Coleman, speaker.
=260  \\$c2014 Jun 26.
=300  \\$3viewing copy.$astreaming video (73 min., 54 sec.) :$bsd., col.
=500  \\$aPart of the Hemispheric Institute Digital Video Library.
=500  \\$aTitle supplied by the Hemispheric Institute.
=518  \\$aRecorded in Montréal, Canada on June 26, 2014.
=520  \\$aGabriella Coleman holds the Wolfe Chair in Scientific and Technological Literacy at McGill University. She researches, writes, and teaches on digital activism and computer hackers.
=520  \\$aThe Hemispheric Institute's 9th Encuentro, held at Concordia University in Montréal, Canada, sought to explore the multiple valences of the term MANIFEST! How are performances mobilized and syncretized in civic, community, and cultural contexts to create manifold forms of political expression? How do public, theatrical events produce ‘evidence’ that manifests ideas otherwise invisible, hidden, or unspeakable? What new manifestations, manifestos, festivals, and manifs emerge via our changing visions of political spaces, intellectual arenas, and the everyday street? The 2014 Encuentro invited artists, activists, and scholars to engage with and investigate the aesthetic, social, and choreographic techniques that transform political ideas into collective images, through actions, embodied utterances, and ways of being. Such questions resonated in the host city of Montréal, where la manifestation has a rich and ongoing history. Flagrantly fanciful and subversive, the protest ensemble Anonymous became widely popular among some Internet geeks, political activists, and academics along with many unmarked spectators. In this keynote lecture, Gabriella Coleman examines Anonymous' popular appeal through the vantage point of their art, artistry, and trickery.
=534  \\$pMedia source original:$e1 digital video.$m[no brand]
=540  \\$aThere are copyright restrictions on this collection. For more information, go to the online version of this video.
=546  \\$aIn English.
=610  10$aAnonymous (Group)
=650  \0$aSocial movements.
=650  \0$aHacking.
=650  \0$aMass media$xPolitical aspects.
=650  \0$aMass media and technology$xSocial aspects.
=653  \\$aPolitical strategies--21st century
=655  \7$aKeynote address.$2nyu-hidvl
=700  1\$aColeman, E. Gabriella,$d1973-$4spk
=710  2\$aHemispheric Institute of Performance and Politics.$4pro
=710  2\$aHemispheric Institute Digital Video Library.
=711  2\$aHemispheric Institute Encuentro$n(9th :$d2014 :$cMontreal, Canada).$tMANIFEST! Choreographing Social Movements in the Americas.

