=LDR  03210ngm a2200409   4500
=001  004319927
=005  20160705134840.0
=006  m\\\\\\\\c\\\\\\\\
=007  cr\cna|||m|||a
=008  160627e20140624xxc059\\\\\\\\s\\\vlzxx\d
=024  7\$aHI2014_147_01$2nyu-hidvl
=040  \\$aNNU$beng$cNNU
=043  \\$an-us-ny
=245  00$aHomage$h[videorecording] /$cHemispheric Institute of Performance and Politics, producer ; Kris Grey, creator.
=260  \\$c2014 Jun 24.
=300  \\$3viewing copy.$astreaming video (58 min., 26 sec.) :$bsd., col.
=500  \\$aPart of the Hemispheric Institute Digital Video Library.
=500  \\$aTitle supplied by the Hemispheric Institute.
=511  1\$aKris Grey.
=518  \\$aPerformed in Montréal, Canada on June 24, 2014.
=520  \\$aThe Hemispheric Institute's 9th Encuentro, held at Concordia University in Montréal, Canada, sought to explore the multiple valences of the term MANIFEST! How are performances mobilized and syncretized in civic, community, and cultural contexts to create manifold forms of political expression? How do public, theatrical events produce ‘evidence’ that manifests ideas otherwise invisible, hidden, or unspeakable? What new manifestations, manifestos, festivals, and manifs emerge via our changing visions of political spaces, intellectual arenas, and the everyday street? The 2014 Encuentro invited artists, activists, and scholars to engage with and investigate the aesthetic, social, and choreographic techniques that transform political ideas into collective images, through actions, embodied utterances, and ways of being. Such questions resonated in the host city of Montréal, where la manifestation has a rich and ongoing history. Homage is an act of gender queer corporeal agency. It is an offering of vulnerability. Homage opens wounds that have healed on Grey's body in order to reactivate the psychic energy stored there and to invite the audience to eradicate the boundaries between us.
=520  \\$aKris Grey/Justin Credible is a New York City-based artist whose practice interrogates systems of power through the lens of gender. Their work exists at the intersection of communication, activism, community building, storytelling, lecture, and studio production in media that is two-dimensional, three-dimensional, and time-based.
=546  \\$aNo dialogue.
=534  \\$pMedia source original:$e1 digital video.$m[no brand]
=540  \\$aThere are copyright restrictions on this collection. For more information, go to the online version of this video.
=650  \0$aPerformance art$xPolitical aspects.
=650  \0$aBody art.
=650  \0$aTransgender artists$xWounds and injuries$vDrama.
=650  \0$aTransgender artists$zNew York (State)$zNew York.
=653  \\$aBody politics
=653  \\$aGender and sexuality--Wounding
=655  \7$aBody Art.$2nyu-hidvl
=655  \7$aPerformance.$2nyu-hidvl
=700  1\$aGrey, Kris.$4cre
=710  2\$aHemispheric Institute of Performance and Politics.$4pro
=710  2\$aHemispheric Institute Digital Video Library.
=711  2\$aHemispheric Institute Encuentro$n(9th :$d2014 :$cMontreal, Canada).$tMANIFEST! Choreographing Social Movements in the Americas.

