=LDR  04285ngm a2200517   4500
=001  005682464
=005  20171213145448.0
=006  m\\\\\\\\c\\\\\\\\
=007  cr\cna|||m|||a
=008  170807e20140622quc124\\\\\\\\s\\\vleng\d
=024  7\$aHI2014_144_01$2nyu-hidvl
=040  \\$aNNU$beng$cNNU
=041  0\$aeng$aspa
=245  00$aRoundtable: Dissidence, Disruption, and Activist Practice /$cHemispheric Institute of Performance and Politics, producer.
=260  \\$c22 June 2014.
=300  \\$3viewing copy.$astreaming video (123 min., 33 sec.) :$bsd., col.
=500  \\$aTitle supplied by the Hemispheric Institute.
=546  \\$aIn English and Spanish.
=500  \\$aA session from the 9th Hemispheric Institute Encuentro conference: MANIFEST! Choreographing Social Movements in the Americas, held in Montreal, Canada, in June of 2014.
=500  \\$aPart of the Hemispheric Institute Digital Video Library.
=511  0\$aGuiomar Rovira, Ramesh Srinivasan, Ricardo Dominguez, Rossana Reguillo, Sean Mills, panelists ; Mary Louise Pratt, moderator
=518  \\$aVideotaped in Montreal, Canada on June 22, 2014.
=520  \\$aGuiomar Rovira Sancho, PhD in Social Science, focus on Communication and Politics. Professor, Universidad Autónoma Metropolitana, Mexico. She researches social movements, networks and communication. Author of Zapatistas sin fronteras, Mexico, 2009 and Mujeres de Maíz, 1997. Co-ed. La autonomía posible with Albertani and Modesi, Mexico, UACM, 2009.
=520  \\$aRamesh Srinivasan is Associate Professor at UCLA in Information Studies and Design-Media Arts, and a scholar of media and culture. He studies the modes by which new media technologies shape and are shaped by social, cultural, economic, and political dynamics.
=520  \\$aRicardo Dominguez is co-founder of The Electronic Disturbance Theater – a group that developed Virtual-Sit-In technologies in solidarity with Zapatista communities in Chiapas – and of *particle group*. His 1-act play has recently been published in The Imperial University: Academic Repression and Scholarly Dissent. He is Associate Professor at UCSD.
=520  \\$aRossana Reguillo holds a PhD in Social Sciences from the CIESAS. She is a researcher, member of the Mexican Academy of Sciences and professor of Sociocultural Studies at ITESO. Research interests include: youth and urban cultures; social construction of fear and the politics of affect; and cultural dimensions of narco-traffic and violence.
=520  \\$aSean Mills is the author of The Empire Within: Postcolonial Thought and Political Activism in Sixties Montreal, and co-editor of New World Coming: The Sixties and the Shaping of Global Consciousness. He’s currently working on a history of Quebec’s relationship with Haiti, and is an Assistant Professor of History at the University of Toronto.
=520  \\$aMary Louise Pratt teaches at NYU in the Department of Spanish and Portuguese and theDepartment of Social and Cutural Analysis. She holds a Ph.D. in Comparative Literature from Stanford University. Her research includes work on Latin American Literature and Latin American Studies, comparative literature, linguistics, postcolonial studies, feminist and gender studies, anthropology and cultural studies.
=534  \\$pMedia source original:$e1 digital video.$m[no brand]
=540  \\$aThere are copyright restrictions on this collection. For more information, go to the online version of this video.
=650  \0$aPolitical activists.
=650  \0$aHuman rights workers.
=650  \0$aSocial movements.
=650  \0$aDissenters.
=655  \7$aRoundtable discussion.$2nyu-hidvl
=655  \7$aFilmed panel discussions.$2lcgft
=700  1\$aRovira, Guiomar,$epanelist.
=700  1\$aSrinivasan, Ramesh,$epanelist.
=700  1\$aDominguez, Ricardo,$epanelist.
=700  1\$aReguillo Cruz, Rossana,$epanelist.
=700  1\$aMills, Sean,$d1978-$epanelist.
=700  1\$aPratt, Mary Louise,$d1948-$emoderator.
=710  2\$aHemispheric Institute of Performance and Politics,$eproducer.$4pro
=710  2\$aHemispheric Institute Digital Video Library.
=711  2\$aHemispheric Institute Encuentro$n(9th :$d2014 :$cMontreal, Canada).
=740  0\$aMANIFEST! Choreographing Social Movements in the Americas.

